1894 3371
850 337 1092 379 ..96-

303 448 470 515 triginta
509 472 638 499 annos
673 458 778 499 inter
814 460 989 514 primam
1023 468 1062 500 et
1098 460 1207 501 hanc
1246 469 1472 516 praeturam
1500 461 1630 502 inter·

303 540 465 577 cessisse.
521 536 707 591 Legimus
733 545 865 578 autem
885 538 992 579 Plut.
1009 538 1118 581 Arat.
1136 539 1230 593 Cap.
1249 540 1316 580 41.
1332 542 1425 581 init.
1460 541 1629 580 Aratum

301 624 411 662 tum,
448 627 578 670 quum
606 604 827 669 στρατῄγὸς
862 610 1125 670 αὐτοκράτωρ
1161 621 1316 656 creatus
1350 623 1428 666 est,
1461 619 1629 673 triginta

299 701 376 733 tres
405 706 534 733 annos
561 694 703 734 vixisse
721 694 812 749 jam
838 695 884 734 in
908 695 1070 736 civitate
1090 694 1358 735 Achaeorum.
1401 693 1503 736 Inde
1521 699 1631 751 patet

300 787 394 812 eum
431 772 558 812 tribus
597 772 717 813 annis
758 781 976 828 antequam
1009 774 1188 829 primum
1223 778 1382 828 praetor
1419 774 1548 814 factus
1579 774 1631 813 sit

299 854 499 902 Sicyonem
530 851 581 892 ad
609 851 864 893 Achaeorum
900 853 1115 909 imperium
1142 852 1385 908 adjunxisse.
1416 877 1468 882 —
1507 852 1629 892 Porro

300 932 552 971 conferamus
589 932 701 971 Atat.
741 933 810 972 vit.
847 933 941 986 Cap.
982 930 1049 972 IV.
1092 930 1183 971 init.
1224 930 1335 984 ἤδη
1370 923 1575 982 μειράκων
1605 928 1629 970 ὅ

291 1009 473 1063 Ἀρατος
495 1010 552 1050 ὤν
579 1016 619 1049 et
645 1009 740 1064 Cap.
759 1010 827 1049 VI.
847 1010 922 1051 fin.
950 1003 1019 1050 εἶτ’
1042 1003 1310 1061 ἀλειψάμενος
1333 1005 1378 1048 ἓν
1398 1006 1458 1064 τῷ
1478 1017 1629 1060 γυμνα·

298 1082 373 1142 σίῳ
403 1085 471 1125 καὶ
501 1081 755 1139 παραλαβών
786 1098 898 1133 τινας
931 1084 980 1126 ἐκ
1004 1086 1080 1139 τῆς
1109 1084 1360 1138 παλαίστρας
1383 1084 1467 1126 τῶν
1487 1079 1628 1125 εἰωθό-

297 1178 381 1205 των
413 1160 539 1204 πίνειν
569 1159 635 1205 καὶ
663 1160 870 1221 ῥᾳθυμεῒν
905 1159 993 1216 μετ’
1018 1160 1149 1205 αὐτοῦ
1174 1161 1451 1205 νεανίσκων
1477 1160 1630 1218 ἀπῆγεν

298 1237 471 1291 οἴκαδε,
495 1242 740 1297 reperiamus
759 1243 950 1293 Aratum,
974 1256 1057 1297 quo
1077 1250 1253 1297 tempore
1276 1241 1492 1297 Sicyonem
1506 1254 1628 1281 occu·

297 1322 427 1376 pavit,
460 1334 588 1362 annos
619 1321 698 1361 sere
725 1321 996 1377 septendecim
1022 1329 1166 1362 natum
1190 1334 1270 1361 esse
1280 1336 1292 1374 ;
1323 1321 1471 1376 quihus
1497 1322 1529 1361 si
1559 1321 1628 1360 ad«

296 1397 454 1435 duntur
494 1404 571 1436 tres
606 1402 646 1435 et
675 1398 842 1450 triginta
885 1398 1009 1452 (conf.
1046 1398 1156 1437 Arat.
1195 1398 1290 1452 Cap.
1315 1398 1380 1438 41.
1414 1399 1527 1452 init.)
1556 1411 1627 1453 per

296 1488 397 1529 quos
434 1488 561 1529 usque
610 1472 663 1517 ad
704 1482 932 1529 praeturam
970 1476 1335 1516 extraordinariam
1376 1478 1421 1517 in
1465 1478 1626 1517 civitate

295 1553 550 1593 Achaeorum
573 1553 706 1608 degit,
744 1566 937 1594 numerus
966 1553 1139 1594 efficitur
1164 1555 1468 1610 quinquaginta
1499 1567 1627 1595 anno-

295 1647 401 1673 rum.
458 1633 602 1673 Mirum
627 1633 832 1688 quantum
860 1634 988 1687 igitur
1013 1632 1253 1673 Plutarchus
1272 1641 1311 1673 et
1336 1632 1534 1688 Polybius
1563 1634 1626 1672 in-

297 1718 359 1750 ter
381 1723 422 1751 se
448 1711 713 1750 consentiunt
741 1707 794 1750 de
819 1722 933 1750 anno
956 1711 1110 1758 aetatis,
1135 1722 1219 1766 quo
1245 1710 1391 1751 Aratus
1407 1707 1628 1765 στρατηγός

295 1784 556 1844 αὐτοκράτωρ
584 1797 738 1830 creatus
764 1796 833 1830 est.
891 1789 1040 1839 Quodsi
1067 1797 1202 1830 autem
1231 1790 1331 1830 inde
1359 1790 1410 1830 ab
1438 1801 1484 1830 eo
1516 1802 1626 1837 anno

294 1875 400 1908 retro
428 1880 707 1920 numeremus,
735 1868 882 1908 Aratus
908 1867 1131 1907 seeundum
1159 1867 1423 1908 Plutarchum
1446 1868 1625 1923 primum

252 1963 259 1968 ·
295 1947 458 1985 Praetor
490 1953 586 1985 esset
621 1954 777 1986 creatus
805 1958 917 1985 anno
948 1948 1088 1986 aetatis
1116 1947 1305 1986 vicesimo
1333 1945 1515 2001 septimo.
1571 1949 1625 1987 At

295 2024 480 2064 dissentit
510 2024 708 2079 Polybius
736 2023 826 2065 Lib.
854 2025 910 2064 II.
942 2025 1038 2079 Cap.
1064 2024 1116 2065 43
1150 2025 1179 2079 §¹
1203 2025 1251 2072 3,
1282 2024 1421 2065 dicens
1450 2037 1543 2065 eum
1569 2025 1625 2065 vi-

292 2104 401 2157 ginti
437 2116 565 2141 annos
604 2109 749 2141 natum
782 2103 961 2157 primum
990 2103 1212 2142 Praetorem
1246 2109 1423 2142 creatum
1447 2115 1537 2142 esse.
1571 2125 1618 2133 ——-

292 2182 381 2222 Duo
406 2182 534 2237 igitur
562 2181 642 2221 loci
669 2179 834 2236 Polybii
863 2180 1026 2222 obstant
1048 2183 1269 2238 quominus
1295 2181 1376 2222 hoc
1398 2182 1490 2223 loco
1516 2182 1629 2238 lega--

292 2268 360 2301 tur
379 2256 579 2317 Ἐνιαυτῷ
605 2256 644 2300 δ’
670 2250 847 2315 ὕστερον.
862 2261 1049 2324 κΑο<3ε3ἆίῑ
1074 2260 1183 2316 quod
1207 2259 1448 2301 Plutarchus
1466 2261 1523 2300 ita
1546 2260 1622 2300 sibi

294 2341 380 2393 ipse
397 2353 484 2378 non
503 2346 681 2390 constat,
710 2340 842 2393 legem
862 2329 1089 2380 memorans
1105 2341 1334 2395 (Arat.Cap.
1346 2340 1481 2380 XXIV.
1499 2340 1626 2393 med.)

292 2418 516 2458 secundum
552 2431 679 2473 quam
714 2431 803 2458 non
837 2419 988 2460 licebat
1019 2419 1213 2474 cuiquam
1240 2426 1470 2474 praeturam
1495 2420 1623 2460 conti·

292 2498 426 2537 nuari.
465 2497 673 2538 Praeterea
695 2493 856 2539 ‘constat
892 2506 1111 2554 utrumque
1139 2498 1359 2555 Polybium
1391 2504 1431 2539 et
1468 2498 1623 2539 Plutar-

294 2577 420 2616 chum
445 2590 496 2616 ex
515 2576 659 2616 iisdem
679 2577 873 2625 sontibus,
894 2578 1008 2618 Arati
1027 2578 1326 2618 commentariis
1349 2582 1387 2616 et
1400 2574 1621 2631 Phylarchi

292 2655 479 2702 historia,
510 2654 699 2697 hausisse.
746 2657 853 2707 Quid
881 2658 993 2713 quod
1016 2657 1256 2698 Plutarchus
1288 2658 1410 2697 etiam
1439 2656 1489 2695 ad
1513 2655 1621 2697 hanc

292 2735 416 2774 vitam
450 2736 627 2774 contulit
663 2734 828 2790 Polyhii
856 2738 1024 2792 scripta,
1064 2736 1129 2776 cui
1160 2750 1352 2790 magnam
1380 2742 1419 2774 et
1448 2735 1630 2789 dignam'
