1894 3371
909 317 1145 357 -48-

358 440 517 493 pliciter
536 452 653 493 pron.
666 432 833 486 αὐτοῖς,
856 438 1007 492 quippe
1027 438 1141 477 scioli
1163 438 1504 488 additamentum,
1524 437 1685 492 ejicien-

355 517 454 555 dum
479 523 594 563 esset,
623 530 754 571 quum
789 516 840 555 ad
874 514 981 555 verb.
1004 512 1237 569 γειτνιῶσαν
1264 530 1333 571 per
1359 531 1398 557 se
1417 518 1506 572 jam
1533 515 1686 556 intelli-

354 602 496 648 gatur,
525 596 623 649 quia
649 594 852 648 praecedit
877 592 928 634 Ὁ
954 591 991 634 δ’
1014 596 1216 648 ”Λρατος,
1239 594 1299 650 τῷ
1324 589 1487 652 Ἀράτῳ
1518 595 1578 635 vel
1604 596 1688 641 τοῖς

353 668 554 724 Ἀχαιοῖς.
611 671 711 712 Vide
740 673 807 712 vit.
840 671 1006 712 Romuli
1031 686 1122 728 pag.
1146 672 1222 712 20.
1251 672 1294 713 E.
1333 670 1378 713 ἓν
1399 672 1489 720 ταῖς
1512 670 1602 727 περὶ
1625 686 1684 712 νο-

352 745 437 800 μοῖς
469 748 536 789 καὶ
566 748 756 805 κυνηγίας
788 747 889 805 πρός
917 750 1014 798 τοῦς
1044 751 1294 804 γειτνιῶντας
1325 748 1552 802 ἐπιμιξίαις.
1607 751 1686 789 Vit.

354 821 559 869 Ciberonis
578 844 671 884 pag.
689 829 791 877 870,
807 830 850 869 B.
878 825 901 869 ό
924 825 1109 882 Κικέρων
1111 859 1253 868 ......
1286 827 1569 883 προπεμφθεὶς
1586 842 1686 881 παρ-

354 906 488 959 ῆλθεν
513 905 568 955 εἷς
595 903 724 947 οἰκίαν
752 904 873 961 φίλου
899 906 1153 960 γειτνιῶντος.

407 1060 447 1100 7.
504 1056 835 1110 ’Υπακούσαντος
862 1060 910 1102 δὲ
936 1064 1011 1103 τοῦ
1038 1057 1346 1115 Ἀριστομάχου
1380 1062 1447 1103 καὶ
1476 1057 1687 1103 κελεύσαν-
1715 1115 1717 1117 q

352 1153 420 1186 τος
448 1136 562 1196 αὐτῷ
588 1136 832 1194 πεντήκοντα
858 1134 1038 1181 τάλαντα
1065 1137 1229 1192 πέμψαι
1258 1137 1328 1181 τόν
1348 1142 1550 1194 ”Λρατον,
1575 1135 1688 1188 ὅπως

354 1214 629 1274 ἀπαλλάξῃ
657 1216 724 1258 καὶ
752 1213 1071 1274 διαλύσηται
1100 1217 1179 1260 κτὲ.

409 1295 710 1348 Corrigendum·
730 1289 842 1343 ὅπως
868 1292 1090 1345 α’παλλᾶξει
1119 1296 1186 1337 καὶ
1213 1292 1455 1339 διαλύσεται.
1501 1299 1684 1339 Confera-

352 1379 419 1411 tur
445 1372 535 1412 Not.
566 1372 615 1412 ad
647 1373 742 1428 Cap.
771 1374 872 1413 XIX.
905 1374 968 1414 15.

410 1533 474 1574 17.
532 1526 809 1582 Ἀντειπόντος
841 1529 919 1585 μὲν
953 1529 1031 1588 γάρ
1070 1529 1200 1575 αὐτοῦ
1232 1530 1284 1575 δι’
1315 1530 1438 1591 ὀργήν
1472 1532 1686 1590 ἀπήλασαν

350 1607 446 1658 τούς
481 1610 570 1665 περὶ
607 1608 678 1651 τὸν
710 1606 1026 1665 Ἀριστόμαχον·
1063 1611 1151 1652 ἐπεὶ
1186 1610 1234 1652 δὲ
1269 1612 1536 1664 συμπεισθεὶς
1562 1608 1684 1653 πάλιν

351 1686 474 1739 αὐτός
493 1691 642 1745 ἤρξατο
667 1689 757 1745 περὶ
786 1687 924 1732 αὐτῶν
951 1687 1212 1744 διαλέγεσθαι
1238 1688 1425 1747 παρών,
1452 1695 1583 1735 πάντα
1610 1708 1684 1735 τα-

350 1767 459 1820 χέως
485 1768 552 1809 καὶ
580 1766 811 1824 προθύμως
838 1767 1097 1823 ἐψηφίσαντο
1125 1767 1204 1809 κτὲ.

407 1849 655 1897 Schaeferus‚
680 1846 734 1890 δι’
760 1845 904 1904 ὀργῆν,
940 1850 1102 1905 inquit,
1129 1851 1262 1904 junge
1293 1864 1387 1889 cum
1413 1849 1681 1905 sequentibus.

349 1930 428 1970 Nos
444 1943 538 1969 vero
557 1943 652 1969 cum
668 1927 998 1968 antecedentibus
1014 1929 1287 1968 adseveramus
1297 1928 1563 1982 jungendum
1578 1942 1680 1980 esse3

350 2011 411 2048 ira
450 2010 562 2049 enim
599 2011 646 2049 in
682 2023 801 2048 causa
838 2017 923 2049 erat
960 2017 1008 2048 ut
1038 2009 1329 2049 contradiceret
1337 2025 1349 2060 3
1376 2009 1538 2063 alioqui
1566 2024 1682 2049 suam

349 2102 435 2127 rem
461 2095 499 2127 et
518 2086 740 2127 utilitatem
760 2099 1018 2126 communem
1041 2100 1129 2125 non
1153 2085 1386 2126 deseruisset
1409 2100 1455 2126 ac
1479 2086 1682 2143 prodidis-

348 2175 418 2207 set.
451 2191 500 2197 -
531 2161 702 2221 παρώνῖ
755 2167 876 2216 Quasi
917 2180 1009 2206 vero
1043 2165 1189 2206 Aratus
1217 2174 1334 2213 ante,
1363 2180 1494 2221 quum
1522 2174 1680 2206 contra.-

350 2246 477 2293 dixit,
512 2259 600 2285 non
630 2230 819 2285 ad'suerit.
870 2244 1164 2300 Corrigendum
1198 2251 1321 2299 pute,
1353 2259 1437 2285 una
1461 2244 1595 2284 littera
1619 2245 1682 2284 in·

349 2334 474 2376 serta,
497 2320 675 2379 παριών,
704 2324 817 2379 quod
843 2325 1094 2378 aptissimum
1117 2323 1316 2362 hocloco.
1363 2323 1543 2362 Oratores
1570 2323 1681 2364 enim

348 2407 412 2447 vel
452 2406 735 2461 magistratuS,
775 2405 847 2460 qui
884 2404 1086 2459 prodeunt
1124 2403 1175 2443 ad
1205 2402 1447 2451 dicendum,
1486 2403 1683 2444 dicuntur

346 2482 544 2537 παριέναι.
613 2483 810 2538 Exempla
864 2483 1060 2522 accedant
1111 2482 1324 2522 manifesta
1376 2484 1448 2523 vit.
1499 2483 1680 2536 Pompeji

347 2578 441 2618 pag.
469 2562 572 2611 648,
589 2563 632 2604 Β.
678 2559 781 2616 ὑπὲρ
810 2558 857 2602 δὲ
885 2558 1109 2615 Πομπηΐου
1136 2558 1279 2602 πολλοὶ
1309 2560 1390 2602 τῶν
1421 2556 1554 2613 φίλων
1580 2557 1680 2602 οἷπε-Γ
1747 2585 1749 2588 ·

345 2641 539 2694 λογοῦντο
556 2635 776 2696 παριόντες.
802 2642 873 2680 vit.
895 2641 1039 2680 Pericl.
1065 2655 1157 2694 pag.
1182 2640 1273 2687 155,
1294 2640 1333 2679 F.
1378 2635 1451 2679 οὐκ
1472 2637 1540 2680 ἐπὶ
1559 2638 1681 2681 παντὶ

347 2715 553 2775 πράγματι
581 2715 729 2772 λέγων,
758 2716 846 2760 οὐδ’
874 2716 937 2759 (ἰεί
963 2716 1120 2774 παριών
1147 2718 1202 2766 εἷς
1228 2714 1275 2759 τό
1302 2718 1476 2773 πλῆθος.
