1894 3371
772 307 1013 348 —21—

271 428 421 481 »διδοιῖς
446 431 615 485 πεῖρανῘΙ
671 430 768 481 Quis
793 445 977 486 unquam
1001 431 1077 471 ista
1094 430 1370 471 intellexerit?
1415 430 1545 471 Offen-
1611 480 1613 482 Ι

227 513 344 553 dunt.
371 510 566 564 Corrupta
589 517 697 549 sunt.
726 510 946 565 Cujusuam
964 511 1020 550 rei
1046 511 1247 565 specimen
1271 510 1391 550 edens
1410 524 1543 563 regem

227 590 304 630 sibi
338 588 467 642 magis
496 587 711 629 devinxit?
768 589 917 639 Quodsi
952 596 1086 629 autem
1114 589 1331 644 diligenter
1358 603 1542 644 perscru-

225 675 356 710 temur
385 681 469 724 qua
509 667 666 708 ratione
693 680 825 722 regem
853 665 929 707 sibi
959 667 1085 722 magis
1120 667 1324 709 devincire
1346 667 1539 722 potuerit,

226 746 337 787 nihil
361 747 493 801 aptius
515 745 594 785 hoc
611 745 709 785 ⁴loco
727 746 968 800 reperiamus
991 760 1116 800 quam
1135 747 1167 785 si
1193 746 1325 800 ipsum
1349 759 1541 786 convene-

225 827 290 866 rit.
322 824 588 874 Scribendum
614 824 740 879 igitur
764 822 936 864 arbitror
953 838 1025 879 pro
1047 821 1272 864 ΔΙΔΟΥΣ
1284 822 1539 865 HEZPAN:

224 904 457 946 ΔΙΑΒΛΣ
478 903 693 945 ΠΕΡΑΝ
720 904 808 944 scil.
831 901 887 950 εἷς
907 899 1142 956 Αἴγυπτον,
1168 903 1280 958 quod
1306 910 1443 942 tamen
1473 904 1541 942 ad-

224 984 315 1024 dere
350 996 688 1039 supervacaneum
725 989 827 1034 erat;
865 982 965 1037 quia
1001 980 1093 1022 luce
1121 982 1270 1023 clarius
1304 996 1355 1022 ex
1379 988 1542 1022 antece-

224 1061 416 1102 dentibus
444 1069 628 1117 apparet3
667 1060 895 1100 conseratur
930 1061 1039 1100 enim
1070 1060 1180 1115 quod
1206 1060 1313 1099 idem
1341 1060 1447 1100 valet
1473 1073 1539 1100 πε·

223 1138 414 1196 ραιωθεὶς
447 1137 502 1188 εἷς
530 1136 741 1193 Αἴγυπτον
776 1140 869 1194 Cap.
898 1140 998 1189 XII,
1025 1139 1099 1179 fin.
1156 1138 1329 1179 Accedat
1353 1137 1538 1177 luculen-

223 1226 312 1259 tum
342 1218 573 1272 exemplum
608 1205 798 1272 Xenoph}
826 1216 957 1257 Anah.
990 1217 1090 1265 VII,
1126 1217 1153 1256 2
1194 1217 1223 1272 §
1254 1217 1294 1257 2.
1350 1215 1540 1269 διαβῆναι

222 1293 349 1349 πέραν
371 1295 427 1343 εἰς
445 1291 520 1349 τήν
540 1291 709 1345 Ἀσίαν,
738 1294 848 1349 quod
873 1293 974 1335 ibid.
997 1294 1026 1349 §
1048 1294 1109 1335 12.
1136 1294 1228 1334 aliis
1253 1292 1381 1334 verbis
1407 1295 1538 1349 expri-

223 1374 349 1413 mitur
374 1373 644 1428 περαιοῦσθαι
664 1370 719 1421 εἶς
742 1368 818 1427 τήν
839 1368 998 1414 Ἀσίαν.

547 1462 623 1542 2

727 1566 754 1605 C
773 1566 808 1606 A
827 1566 870 1605 P.
929 1565 1031 1604 XIV.

278 1691 313 1729 1.
359 1683 444 1730 Ἦν
469 1672 547 1742 μὲν
575 1683 648 1731 οὖν
666 1686 773 1744 μέγα
796 1689 864 1731 καὶ
884 1687 934 1731 πῖ
958 1686 1151 1744 χρήματα
1174 1691 1355 1732 τοσαῦτα
1377 1688 1544 1745 πορίσαι
1573 1731 1576 1734 ,

218 1769 302 1817 τοῖς
313 1765 510 1817 πολίταις.
531 1798 538 1805 -
558 1799 565 1807 .
585 1799 593 1808 .
627 1765 817 1820 μείζων
843 1766 882 1809 δ’
901 1766 931 1824 ἡ
950 1765 1021 1810 dm?
1041 1769 1125 1811 τῶν
1142 1765 1366 1825 χρημάτων
1384 1765 1539 1813 τούτων

218 1847 611 1889 κατασκευασθεῖσα.
630 1878 638 1887 .
657 1878 666 1886 .
686 1879 694 1886 .
730 1842 914 1896 διάλυσις

273 1926 347 1965 Pro
382 1923 535 1977 μείζων
570 1927 849 1981 reponendum
881 1927 1058 1975 videtur,
1084 1928 1195 1982 quod
1224 1930 1536 1984 superscriptum

217 2006 340 2047 habet
365 2009 461 2048 Cod.
489 2009 532 2048 B.
555 2010 804 2064 correxitque
822 2010 1016 2061 Reiskius,
1033 2009 1175 2062 μεῖζον
1179 2026 1198 2059 ;
1226 2019 1283 2052 est
1300 2013 1410 2053 enim
1427 2028 1537 2068 prae-

217 2085 399 2126 dicatum
422 2086 513 2141 τῆς.
532 2117 541 2126 .
560 2117 569 2127 .
588 2118 596 2126 .
634 2082 880 2138 διαλύσεως,
907 2079 1148 2130 subauditur
1173 2091 1329 2145 χρῆμα.

274 2242 336 2283 17.
365 2241 524 2284 Βουλαὶ
537 2241 613 2296 μὲν
630 2242 698 2285 καὶ
715 2237 870 2294 ἄεθλα,
890 2243 958 2286 καὶ
975 2242 1004 2285 οἱ
1015 2243 1110 2300 ,περὶ
1125 2242 1323 2295 Ἑλλάδος
1342 2239 1451 2288 dxxvi

427 2322 544 2364 Τοῦδ
563 2319 709 2379 α’νδρὸς
732 2319 900 2373 στάλαις
924 2319 1128 2366 πλάθεται
1152 2322 1413 2381 Ἡρακλέους·

357 2402 522 2453 Ἀμμες
537 2398 576 2441 δ’
592 2398 721 2452 εἰκόν’,
729 2403 897 2457 Ἀρατε,
913 2399 1008 2444 τεᾰν
1024 2399 1179 2444 νόστοιο
1196 2396 1385 2457 τυχόντες

418 2476 633 2533 Στάσαμεν
648 2477 735 2521 ἄντ’
750 2478 894 2536 α’ρετᾶς
909 2478 985 2536 ἠδὲ
1002 2478 1257 2532 δικαιοσύνας

360 2558 551 2615 Σωτῆρος
565 2559 743 2615 σωτῆρσι
760 2551 897 2610 Θεοῖς,
921 2551 982 2601 ὅτι
998 2556 1161 2616 πατρίδι
1177 2561 1242 2619 τᾳ·
1257 2561 1324 2620 σᾳ·

414 2634 589 2691 Δαίμον’
604 2635 695 2680 ἴσον
709 2636 828 2679 θείαν
844 2635 879 2680 τ’
895 2641 1064 2688 ὤπασας
1080 2636 1280 2692 εὐνομίαν.
1363 2685 1366 2687 ,

269 2717 340 2756 Hic
391 2717 586 2759 habemus
628 2719 800 2773 elegiam
842 2720 1126 2775 Epico·I)orica
1167 2719 1340 2760 dialecto
1380 2735 1538 2776 compo-
