1894 3371
365 553 1000 628 OBSERVATIONES
1044 574 1399 627 GRITIGAE

865 717 899 740 nt

676 828 1091 887 PLUTARCHI

549 985 832 1030 VITAM
907 983 1202 1028 ARATI.

794 1129 944 1140 —--—-0-—-

305 1259 501 1317 (Secutus
531 1275 622 1301 sum
655 1259 880 1301 editionem
918 1257 1065 1301 Caroli
1096 1258 1312 1311 Sintenis,
1345 1273 1451 1317 quae

487 1336 655 1393 prodiit
684 1336 857 1392 Lipsiae
897 1337 957 1376 A.
994 1334 1270 1390 mnccchw.)

719 1571 949 1613 CAPUT
1005 1572 1037 1610 Ι.

274 1692 309 1730 1.
366 1687 598 1746 Παροιμίαν
619 1688 711 1731 vtro?
728 1688 927 1741 παλαιάν,
949 1682 987 1732 ὦ
1007 1683 1284 1747 Πολύκρατες,
1311 1686 1445 1741 δείσας
1467 1704 1539 1741 μοι

216 1768 329 1811 δοκεῖ
342 1766 390 1810 τό
417 1766 638 1824 δύσφημον
657 1766 782 1824 αὐτῆς
809 1767 833 1810 ὅ
853 1763 1075 1824 φιλόσοφος
1100 1766 1344 1829 Χρύσιππος
1351 1798 1366 1819 ,
1394 1765 1474 1821 οὐχ
1492 1763 1538 1809 ὃν

183 1849 185 1851 ’
214 1846 298 1900 ἔχει
313 1842 475 1902 τρόπον,
488 1844 583 1888 ἀλλ’
600 1844 656 1896 αἱς
677 1845 799 1896 αὐτᾶς
817 1849 913 1906 ᾤετο
934 1844 1091 1901 βέλτιον
1111 1842 1223 1898 εἶναι,
1237 1845 1536 1889 διατίθεται·

271 1926 492 1982 Stephanus
521 1926 697 1968 malebat
724 1924 950 1967 διατίθεται
976 1927 1088 1982 quod
1117 1926 1212 1966 Cod.
1235 1926 1446 1966 Palatinus
1463 1939 1536 1965 ex-

215 2003 347 2053 hibet,
376 2005 559 2061 plerique
578 2013 713 2046 autem
732 2005 899 2046 editores
919 2004 1140 2045 secundum
1160 2005 1375 2060 Vulgatam
1393 2004 1536 2044 lectio-

215 2099 309 2125 nem
337 2079 581 2139 scripserunt
608 2083 884 2126 διατίθεσθαι.
930 2084 1035 2135 Quid
1064 2069 1239 2125 Sintenis
1267 2084 1417 2138 respuit
1436 2082 1535 2123 Infi-

214 2163 390 2202 nitivum
403 2193 412 2210 ,
441 2164 555 2222 quasi
584 2177 670 2202 non
700 2164 820 2203 liceat
839 2163 943 2202 verb.
963 2162 1078 2203 δοκεῖ’
1091 2176 1183 2202 cum
1203 2161 1417 2201 Infinitivo
1436 2176 1535 2201 con-

194 2248 381 2289 ‚struem
398 2242 513 2295 cujus
536 2242 847 2282 constructionis
869 2242 1055 2296 exempla
1074 2249 1293 2282 occurrunt
1314 2241 1532 2281 sexcenta?

214 2318 287 2359 Sed
315 2319 430 2360 Medii
461 2319 695 2367 Infinitivus
723 2320 816 2362 ferri
846 2334 930 2360 non
960 2327 1108 2375 potest,
1147 2334 1220 2375 pro
1250 2334 1333 2375 quo
1361 2319 1533 2360 scriben-

214 2399 312 2438 dum
340 2412 420 2439 esse
449 2413 588 2439 censeo
616 2399 747 2439 Activi
776 2395 1015 2440 διατιθέναι.
1071 2399 1341 2439 Luculentum
1371 2399 1535 2439 accedat

212 2477 445 2534 exemplum
474 2478 633 2519 Lucull.
662 2478 755 2534 Cap.
785 2479 805 2519 1
834 2478 907 2519 fin.
936 2470 1039 2520 ὥστε
1057 2476 1124 2520 καὶ
1141 2477 1303 2526 Σύλλας
1318 2473 1392 2526 τοῖς
1406 2474 1537 2520 αὐτοῦ’

212 2555 369 2609 πράξεις
394 2551 643 2611 ἀναγράφων
657 2553 807 2613 ’ἐκείνῳ
834 2552 1135 2618 προςεφιόνησεν
1164 2554 1221 2605 ὥς
1251 2553 1534 2614 συνταξομένῳ

212 2634 280 2676 καὶ
314 2632 556 2692 διαθήσοντι
594 2631 668 2692 τήν
708 2632 884 2690 ἱστορίαν
924 2636 1095 2688 ἄμεινον.
1157 2636 1238 2676 1100
1277 2637 1368 2678 loco
1408 2638 1531 2678 etiam

212 2709 456 2769 Χρύσιππος
482 2715 609 2765 δοκεῖ,
633 2712 690 2764 ὥς
713 2712 837 2765 ἀὐτός
858 2715 953 2774 ᾤετο
970 2711 1125 2768 βέλτιον
1149 2710 1267 2765 εἶναι,
1294 2708 1422 2764 οὕτως
1443 2718 1470 2756 i.
1496 2729 1530 2756 e.

1342 2796 1361 2837 1
