1894 3371
847 307 1082 348 —42—

304 428 352 473 τὸ
371 427 470 485 δόρυ
494 429 563 471 καὶ
584 427 638 471 td·
653 426 752 483 γόνυ
779 428 846 471 καὶ
871 443 917 470 το
938 430 1062 481 σῶμα
1082 430 1136 488 τῇ
1154 428 1265 489 ῥοπῇ
1284 426 1427 486 μικρόν
1449 428 1629 485 ἐγκλίνας

304 509 371 550 καὶ
398 500 703 564 ἀπερεισάμενος
726 502 894 563 εἱστήκει
923 504 1053 548 πολΰν
1075 503 1222 562 χρόνον
1248 511 1389 568 σιωπῇ
1414 505 1629 563 δεχόμενος

301 585 439 629 αὐτῶν
461 584 557 636 τούς
580 583 758 643 κρότους.
1050 633 1052 635 ,

357 669 487 718 Quam
521 668 718 708 ocissume
751 681 803 708 ex
839 666 1170 710 antecedentibus
1203 665 1259 717 εἶς
1289 663 1416 720 μέσον
1443 668 1628 725 προῆλθε

300 747 586 801 corrigendum
609 748 839 803 προελθεῖν.
895 748 1040 788 Mirum
1069 756 1274 804 quantum
1304 763 1434 803 quum
1456 750 1501 789 in
1528 756 1626 789 oete-

300 827 355 867 ris
389 825 755 882 praepositionibus
792 834 879 867 tum
921 828 967 867 in
1005 819 1104 881 πρός
1137 835 1177 867 et
1205 822 1286 880 πρό
1311 835 1520 883 peccatum
1545 835 1603 868 est
1611 843 1623 878 3

301 907 532 947 conseratur
564 921 685 961 supra
716 914 804 946 not.
835 906 887 946 ad
914 907 1008 961 Cap.
1040 906 1170 954 XXII,
1200 905 1272 953 32,
1302 906 1366 947 10.
1395 931 1448 936 —
1485 907 1626 947 Coraes

300 986 350 1024 de
376 1000 449 1025 suo
473 985 587 1025 dedit
606 979 927 1039 ἐπερεισάμενος,
955 985 1021 1025 sed
1048 993 1154 1026 recte
1177 985 1274 1025 libri
1300 985 1402 1025 dant
1420 979 1626 1040 ἀπερεισά-

297 1076 417 1114 μενος
442 1063 552 1119 quod
576 1062 743 1103 refertur
772 1063 823 1102 ad
847 1060 1091 1115 μεταλαβών
1119 1061 1174 1111 εἷς
1196 1059 1273 1118 τήν
1297 1062 1431 1112 δεξιάν
1453 1060 1501 1105 td
1525 1058 1624 1119 δόρυ

300 1144 366 1183 cui
399 1147 567 1182 adnixus
600 1155 659 1182 ese
695 1149 750 1182 ita
786 1154 829 1183 ut
857 1158 992 1182 manus·
1018 1144 1067 1182 ab
1095 1145 1208 1182 hasta
1232 1147 1428 1194 penderet.
1476 1145 1626 1184 Utrius-

299 1236 378 1277 que
406 1222 719 1277 praepositionis
740 1222 947 1277 propriam
967 1221 1050 1261 vim
1075 1222 1121 1260 in
1138 1220 1216 1261 hoe
1234 1222 1457 1277 composito
1476 1222 1622 1269 videas,

298 1302 330 1339 si
355 1301 537 1339 conferas
552 1300 773 1339 Archimel.
787 1300 822 1346 Ι,
840 1300 1025 1353 Append.
1039 1299 1209 1339 Anthol.
1224 1300 1350 1339 Palat.
1367 1300 1432 1340 15.
1458 1298 1624 1351 πεῖσμα-

298 1390 361 1419 σιν
383 1373 560 1434 ἀγκύρας
580 1374 827 1433 ἀπερείδεται
851 1377 951 1426 ναῦς
973 1385 1013 1417 et
1035 1377 1240 1433 Aristoph.
1265 1378 1413 1419 Eccles.
1444 1393 1498 1420 vs.
1528 1380 1622 1421 277.

295 1459 386 1505 ταῖς
410 1454 644 1512 βακτηρίαις
667 1451 956 1513 ἒπερειδόμενοι
983 1456 1040 1512 (h.
1071 1471 1103 1496 e.
1133 1456 1352 1510 innitentes)
1368 1455 1576 1510 βαδίζετε.

797 1648 824 1686 C
844 1648 878 1687 A
898 1648 940 1686 P.
996 1648 1132 1687 xxlv.

350 1776 437 1817 20.-
476 1768 597 1817 Οὕτω
633 1773 671 1815 δ’
703 1772 870 1828 ἴσχυσεν
903 1773 948 1815 ἐν
978 1776 1063 1823 τοῖς
1093 1771 1301 1828 ’Λχαιοῒς,
1329 1769 1436 1826 ὥςτ’,
1477 1775 1520 1816 εἰ
1552 1772 1623 1830 μή

294 1853 380 1896 κατ’
403 1850 589 1896 ἐνιαυτόν
611 1853 728 1909 ἐξῆν)
754 1851 849 1908 παρ’
869 1849 1054 1894 ἐνιαυτὸν
1078 1852 1286 1908 αἱρεῖσθαι
1307 1850 1530 1909 στρατηγόν
1551 1851 1621 1895 αὖ·

294 1932 386 1985 τὸν,
415 1931 516 1993 ἔργῳ
543 1931 590 1974 δὲ
616 1932 683 1974 καὶ
707 1927 852 1990 γνώμῃ
878 1929 949 1973 tica*
976 1928 1125 1981 παντὸς
1147 1935 1296 1988 ἄρχειν.

351 2016 468 2064 Quod
507 2013 603 2053 libri
641 2027 779 2052 omncs
815 2012 1009 2052 exhibent
1039 2011 1072 2051 εἶ
1106 2008 1167 2065 μή
1201 2008 1286 2052 κατ’
1313 2008 1497 2052 ἐνιαυτὸν
1524 2011 1622 2066 ἐξῆν

293 2107 439 2148 parum
464 2106 611 2132 sanum
637 2090 795 2131 videtur
813 2104 905 2130 esse.
963 2090 1067 2139 Quid
1096 2099 1227 2129 autem
1254 2091 1423 2144 scriptor
1448 2091 1621 2131 volucrit

292 2178 422 2226 patet:
461 2177 555 2222 qaia
587 2176 657 2219 ιῙιιει
701 2183 774 2207 noa
807 2180 893 2206 erat
921 2183 1149 2219 quemquam
1178 2173 1380 2219 quotannis
1402 2180 1618 2219 praetorem

291 2255 427 2289 creari.
479 2247 767 2289 Revocandum
796 2248 924 2300 igitur
952 2246 1064 2301 quod
1093 2247 1231 2287 Coraes
1248 2247 1298 2286 de
1315 2261 1388 2287 suo
1405 2247 1518 2287 dedit
1533 2245 1620 2288 ἐπεὶ

291 2342 366 2382 pro
393 2324 441 2366 εἰ.
496 2326 646 2376 Quodsi
674 2327 797 2365 etiam
823 2322 885 2378 μή
912 2326 958 2364 in
987 2325 1031 2363 in
1061 2320 1111 2363 ου’
1138 2332 1328 2364 mutasset
1354 2332 1394 2363 et
1421 2326 1553 2365 sensui
1580 2334 1620 2365 et

290 2406 499 2462 graecitati
528 2404 790 2445 satisfecisset.

797 2605 824 2643 C
843 2604 877 2644 A
897 2604 937 2643 P.
994 2604 1111 2643 XXV.

348 2730 409 2769 10,
466 2722 739 2780 παραξιφίδας
779 2720 998 2778 ἐνέρραψεν
1035 2722 1089 2771 εἰς
1129 2717 1332 2776 σάγματα·
1383 2721 1448 2763 καὶ
1487 2723 1617 2764 ταῦτα

1702 38 1707 54 l
1818 54 1821 57 Δ
1873 52 1875 54 .
1892 40 1894 43 “
