1894 3371
854 326 1090 368 -46-

307 449 476 488 videtur.
536 449 595 488 Ex
631 463 714 503 quo
756 449 865 489 enim
908 449 1149 490 Plutarchus
1196 465 1271 491 nos
1303 452 1464 492 monuit
1496 450 1634 508 (supra

307 528 401 581 Cap.
431 527 568 567 XXIV.
601 527 724 583 med.)
752 528 922 569 Aratum
956 529 1123 569 alternis
1153 532 1273 571 annis
1307 540 1529 587 praetorem
1554 546 1634 573 esse

305 606 481 653 sactum,
508 606 632 661 idque
660 606 779 646 nobis
811 608 857 646 in
889 609 1028 647 animo
1060 607 1201 648 infixit
1233 610 1365 663 legem
1396 625 1634 652 commemo·

304 685 452 733 rando,
472 700 525 726 ex
543 701 626 741 qua
644 700 731 726 non
749 685 901 727 licebat
918 688 1111 743 cuiquam
1130 696 1361 744 praeturam
1379 691 1633 731 continuari:

305 764 402 803 inde
438 765 544 804 clare
581 766 729 805 animis
765 779 891 821 usque
921 766 1162 807 obversatur.
1220 769 1323 809 Satis
1362 777 1497 810 autem
1530 783 1635 825 quae

306 852 534 900 sequuntur
549 841 770 900 Λυδιάδης
787 842 884 900 παρ’
891 843 1075 887 ἐνιαυτόν
1088 839 1214 901 ἦρχεν
1224 843 1402 896 ἐναλλάξ
1412 848 1472 906 τῷ
1480 842 1635 906 Ἀράτῳ

307 925 565 980 στρατηγῶν,
590 926 623 965 si
662 926 763 966 sorte
794 927 973 981 cuipiam
1010 940 1061 966 ex
1090 927 1229 966 animo
1256 928 1491 973 effluxisset,
1527 927 1634 966 illud

306 1005 584 1044 admonerent.
638 1005 753 1054 Quod
776 1006 904 1059 igitur
925 1005 1083 1045 disertis
1102 1004 1229 1045 verbis
1249 1005 1319 1045 hic
1340 1007 1482 1046 iterare
1500 1018 1634 1060 super-

304 1097 527 1122 vacaneum
555 1091 624 1123 est.
681 1083 848 1124 Accedit
884 1083 994 1139 quod
1031 1085 1234 1138 particula
1266 1082 1344 1136 μὲν
1373 1093 1464 1140 post
1495 1081 1636 1132 Αὖτδς

305 1171 433 1204 vacat.
461 1187 516 1192 ——
544 1162 698 1203 Deinde
724 1162 919 1203 articulus
944 1162 1018 1217 τῆς
1043 1170 1136 1203 ante
1155 1159 1289 1217 τρίτης
1311 1160 1552 1218 στρατηγίας
1572 1164 1634 1203 in·

306 1250 478 1288 seratur,
509 1241 621 1296 quod
650 1242 854 1281 monuisse
882 1248 942 1281 sat
970 1249 1039 1280 est.

359 1397 427 1437 29.
485 1395 573 1437 Καὶ
598 1392 789 1449 καθάπερ
813 1396 874 1452 τῷ
896 1390 1053 1449 κόκκυγι
1078 1395 1203 1449 φησὶν
1215 1393 1413 1444 Αἴσωπος
1435 1398 1635 1452 ἐρωτῶντι

304 1472 400 1523 τοῦς
424 1470 594 1522 λεπτοὺς
613 1475 805 1528 ὄρνιθας,
828 1477 852 1515 ὅ
875 1489 912 1515 τι
933 1468 1114 1527 φεύγοιεν
1132 1470 1276 1524 αὐτον,
1304 1473 1426 1516 εἰπεῖν
1444 1472 1615 1525 ἐκείνους
1620 1507 1635 1526 ,

306 1551 362 1604 ὠς
390 1550 501 1596 ἔσται
528 1550 626 1595 ποτὲ
653 1549 763 1608 ἱέραξ
769 1584 783 1603 ,
808 1546 937 1602 οὕτως
960 1550 1058 1594 ἔοικε
1083 1554 1142 1611 τῷ
1162 1549 1363 1611 Λυδιάδῃ
1380 1557 1637 1611 παρακολουπ

305 1635 399 1675 θεῖν
437 1633 482 1674 ἐκ
522 1635 597 1687 τῆς
635 1630 867 1686 τυραννίδος
904 1630 1065 1684 ὑποψία
1102 1629 1342 1684 βλάπτουσα
1374 1630 1448 1688 τήν
1484 1627 1635 1687 φύσιν

305 1709 436 1754 αὐτοῦ
458 1712 530 1767 τῆς
556 1712 795 1766 μεταβολῆς.

361 1786 502 1844 φύσιν]
537 1788 673 1832 πίστιν
705 1790 802 1830 Cod.
841 1806 870 1828 x
907 1789 1149 1844 (Xylanderz
1193 1789 1337 1836 ,fidem
1375 1790 1635 1843 mutationi‘)

305 1871 474 1926 nuperi,
505 1870 758 1911 immemores
794 1869 1121 1924 comparationis.
1169 1869 1271 1909 Haec
1298 1868 1474 1909 Sintenis
1508 1869 1634 1909 adno-

307 1957 367 1991 tat
392 1950 475 2005 ipse
508 1950 720 1990 immemor
754 1949 1082 2005 comparationis.
1132 1948 1280 2004 Nempe
1303 1949 1551 2004 comparatio
1578 1956 1635 1989 est

306 2029 427 2069 haec:
448 2015 797 2078 Quemadmodum
817 2028 998 2068 aviculae
1016 2027 1139 2068 fidem
1155 2042 1241 2068 non
1255 2027 1462 2068 habebant
1473 2028 1634 2075 cuculo,

305 2124 427 2166 quem
452 2107 679 2165 aliquando
705 2107 936 2164 accipitrem
963 2107 1146 2148 futurum
1173 2120 1251 2147 esse
1274 2107 1558 2162 opinarentur,
1577 2108 1633 2148 sic

305 2188 456 2230 Achaei
489 2187 695 2243 Lydiadae
726 2201 813 2226 non
843 2186 1047 2237 fidebant,
1076 2186 1138 2226 vel
1166 2185 1359 2226 fiduciam
1383 2187 1469 2240 ejus
1499 2194 1635 2226 muta-

305 2268 429 2308 tionis
466 2281 554 2308 non
588 2265 815 2313 habebant,
844 2279 969 2321 quem
998 2265 1223 2321 aliquando
1250 2272 1477 2320 tyrannum
1498 2279 1635 2306 rursus

306 2360 517 2388 evasurum
546 2358 626 2385 esse
652 2345 963 2399 suspicarentur.
1021 2344 1316 2397 Reponendum
1340 2345 1467 2398 igitur
1490 2341 1635 2385 πίστιν.

797 2537 824 2575 C
846 2536 878 2576 A
899 2536 941 2577 Ρ.
999 2537 1135 2576 ΧΧΧΙ.

363 2669 399 2708 1.
453 2667 506 2706 Ὁ
542 2664 580 2706 δ’
597 2667 769 2720 ’Ἀρατος
802 2661 1041 2718 εὐδοκίμησε
1077 2662 1144 2705 καὶ
1179 2660 1374 2718 περὶτοῖς
1405 2661 1637 2713 Αἷτωλικοῖς

304 2743 483 2804 πράξεις,
519 2737 584 2788 ὅτε
623 2744 849 2798 συμβαλεῖν
882 2739 959 2795 μὲν
997 2739 1135 2790 αὐτοῖς
1173 2738 1252 2798 πρό
1290 2743 1364 2798 τῆς
1397 2741 1637 2799 Μεγαρικῆς
