1894 3371
765 299 1000 343 ...39-

221 425 498 483 perpenderiS,
538 422 695 464 collatis
726 422 1056 479 praecedentibus
1082 419 1359 477 κατεκάλυψεν
1392 418 1543 480 αὐλαίᾳ

220 501 303 553 τάς
321 496 470 558 θύρας,
487 501 693 557 significat
721 496 882 546 tollere-f
901 502 1008 553 Quid
1027 502 1139 542 huc?
1180 502 1331 542 Deinde
1345 515 1541 557 quorsum

220 583 373 621 diversa
402 588 581 635 tempora
609 577 902 621 διαστέλλουσα
928 587 969 621 et
993 578 1286 633 ὑπολαβοῦσαῖ
1305 606 1359 611 —-

279 736 342 777 10.
401 734 456 777 Οἱ
481 734 529 776 δὲ
555 734 645 791 περὶ
670 732 744 783 τοῖς
770 731 913 788 πύλας
928 715 1019 785 ἔξω,
1034 737 1150 791 περὶ
1176 734 1223 779 τὸ
1245 735 1415 792 Ἡραῒον
1441 734 1539 778 α’πο-

219 812 451 871 λειφθέντες
475 806 568 870 [τοῦ
593 810 765 871 Ἀράτου
793 815 1052 869 στρατιῶται]
1080 809 1295 870 τριακόσιοι
1315 812 1363 856 τᾶ
1378 816 1542 870 πλῆθος

218 895 341 946 ὄντες,
371 887 428 944 ὥς
452 909 560 937 ποτε
574 891 854 951 παρειςέπεσον
880 892 935 942 εἰς
960 890 1037 948 τήν
1061 889 1179 935 πόλιν

263 969 453 1020 ,Ρι-ἰωιιῐη
489 974 642 1029 duplex
677 971 768 1027 περὶ
798 972 984 1013 offendit.
1046 973 1122 1013 Pro
1158 973 1285 1014 altero
1320 974 1537 1028 legendoen

217 1066 298 1093 esse
316 1053 500 1107 ‚conjicio
521 1047 645 1108 παρά,
699 1051 935 1093 conferatur
958 1067 1079 1109 supra
1104 1054 1198 1108 Cap.
1213 1054 1315 1094 XXI.
1338 1055 1430 1094 init.
1466 1047 1538 1108 ἦγε

218 1126 317 1184 πρδς
348 1127 422 1179 τοῖς
446 1125 578 1180 πύλας
608 1130 723 1187 παροί
753 1128 800 1172 τό
822 1129 1024 1186 Ἠραῒον.,
1064 1132 1247 1187 Xenoph.
1274 1132 1407 1171 Anab.
1437 1134 1536 1179 vu,

218 1210 264 1257 2,
294 1210 357 1251 11.
413 1205 463 1250 ro*
495 1206 533 1251 δ’
561 1211 660 1250 ἄλλο
693 1205 925 1263 στράτευμα
951 1208 1035 1249 πᾶν
1061 1207 1105 1248 ἐν
1131 1194 1191 1266 τῷ
1217 1206 1328 1266 αὐτῷ
1355 1208 1466 1264 παρά
1493 1206 1540 1250 τό

216 1291 348 1341 τεῖχος
373 1289 458 1330 τῶν
470 1285 705 1343 Περινθίων
730 1281 806 1343 ἦν.
844 1289 1043 1344 Frequens
1071 1296 1130 1328 est
1156 1289 1400 1343 permutatio
1429 1303 1537 1344 prae-

216 1368 466 1424 positionum
493 1363 607 1424 παρα’
632 1376 672 1409 et
698 1365 792 1424 περί
813 1368 860 1408 in
878 1367 1114 1420 Codicibus,
1132 1368 1362 1408 conferatur
1379 1376 1464 1409 not.
1485 1369 1535 1408 ad

216 1445 308 1500 huj.
337 1447 432 1502 Cap.
461 1448 640 1487 initium.
686 1446 838 1486 Deinde
874 1445 1070 1494 vocabula
1106 1461 1211 1501 quae
1241 1447 1355 1486 uncis
1384 1447 1535 1486 inclusi

215 1525 371 1579 ejicias,
398 1540 502 1580 quae
531 1540 554 1565 a
583 1524 807 1579 magistello
834 1525 1012 1579 margini
1042 1525 1242 1580 adscripta
1269 1525 1417 1579 iniquo
1444 1524 1536 1564 loco

217 1606 262 1643 in
297 1613 451 1644 textum
487 1606 684 1659 irrepsisse
717 1605 920 1645 videntur.
976 1606 1085 1654 Quae
1112 1606 1143 1644 si
1175 1605 1359 1644 addenda
1387 1613 1535 1655 essent,

210 1683 303 1737 jure
331 1697 450 1723 suum
477 1683 614 1723 locum
642 1684 748 1723 inter
775 1679 829 1723 Οἱ
856 1679 903 1723 δὲ
931 1690 970 1723 et
998 1680 1085 1737 περὶ
1113 1690 1368 1737 occuparent.

269 1841 334 1882 32.
392 1838 445 1881 Oi
472 1838 510 1881 δ’
527 1836 657 1889 εὐθυς
682 1837 865 1882 ἐκέλευον
892 1838 1091 1894 ἡγεῖσθαι·
1120 1838 1187 1881 καὶ
1213 1841 1401 1896 προςβα
1412 1837 1534 1882 ι’νον-

214 1932 293 1966 τες
323 1909 412 1971 ἅμα
447 1919 569 1976 φωνῇ
604 1916 861 1972 διεσήμαινον
886 1915 1057 1966 ἑαυτούς
1082 1916 1417 1972 ἐπιθαρρύνοντες
1441 1915 1537 1966 τοῦς

215 1995 368 2051 φίλους·
405 1990 436 2051 ἦ
473 2012 513 2038 τε
553 1995 801 2051 πανσέληνος
840 1994 1091 2051 ἀπέφαινε
1131 1994 1184 2038 τά
1224 1990 1332 2038 ὅπλα
1375 1996 1537 2039 πλείονα

214 2071 437 2130 φαινόμενα
462 2078 546 2125 τοῖς
571 2074 776 2129 πολεμίοις
802 2073 875 2117 διιὶ
897 2072 944 2117 ro*
966 2077 1095 2131 μῆκος
1118 2077 1191 2131 τῆς
1217 2074 1375 2129 πορείας
1402 2075 1468 2116 καὶ
1491 2072 1538 2118 ni

213 2156 286 2210 τῆς
316 2152 456 2205 νυκτός
489 2153 649 2210 ἠχῶδες
680 2152 750 2212 miv
785 2153 1022 2209 α’λαλαγμόν
1054 2151 1137 2196 α’πό
1172 2149 1535 2196 πολλαπλασιόνων

212 2228 241 2288 ἦ
268 2224 525 2275 τοσούτων
560 2231 682 2275 ἐποίει
708 2233 840 2275 δοκεῖν
869 2230 1136 2289 φέρεσθαι.

266 2314 393 2353 Locus
430 2313 500 2353 hic
531 2313 687 2354 mendis
723 2321 864 2364 scatet,
899 2328 1004 2368 quae
1030 2313 1173 2353 tollere
1198 2321 1407 2353 tentemus.
1451 2313 1534 2353 Pri-

211 2406 324 2431 mum
360 2407 433 2446 pro
465 2388 763 2445 προςβαίνοντες
794 2391 1013 2446 legendum
1050 2391 1207 2433 videtur
1233 2388 1512 2446 προβαίνοντες
1520 2406 1534 2440 3

212 2470 440 2510 conferatur
466 2471 576 2511 enim
605 2485 725 2526 supra
754 2470 848 2525 Cap.
868 2471 956 2510 VII.
975 2471 1066 2510 init.
1095 2468 1150 2517 εἶς
1166 2465 1333 2522 Νεμέαν
1348 2469 1534 2524 προῆγεν,

211 2549 388 2603 προῆγεν
415 2546 481 2589 ἐπὶ
507 2544 582 2603 τήν
607 2543 749 2598 πόλινς
776 2548 894 2588 verbo
921 2547 1112 2602 ἡγεῖσθαι
1141 2557 1299 2600 autem,
1319 2551 1430 2604 quod
1456 2551 1533 2590 scre

211 2627 317 2675 idem
357 2627 462 2669 valet
502 2644 548 2668 ac
587 2623 793 2683 προάγειν,
834 2627 1046 2683 respondet
1086 2624 1134 2669 τὸ
1173 2627 1438 2683 προβαίνειν.
1477 2651 1530 2659 -

213 2706 362 2747 Deinde
408 2707 584 2748 Sintenis
630 2708 766 2748 minus
810 2716 914 2749 recte
965 2708 1141 2755 videtur,
1185 2715 1343 2748 auctore
1386 2710 1531 2755 Corae,
