1894 3371
850 308 1093 348 ...99-

306 431 439 471 sitam.
496 431 547 469 In
581 443 695 476 versu
720 431 852 485 primo
877 431 1005 483 igitur
1030 444 1105 485 pro
1135 443 1219 470 voc.
1247 426 1408 471 szul
1434 428 1632 482 oon-igen-

307 511 407 550 dum
443 510 551 563 quod
589 510 781 549 Doricum
817 516 874 548 est
910 507 1068 549 Βωλαὶ.
1122 510 1173 549 In
1208 523 1325 549 versu
1358 508 1534 549 seeundo
1561 520 1636 562 pro

311 583 438 627 Tow’
464 586 726 628 scribendum
759 583 893 636 Tea&-
930 586 1079 627 deinde
1109 585 1275 627 verbum
1307 582 1511 628 πλάθεται
1536 602 1559 626 a
1586 586 1636 626 li-

306 665 452 707 brariis
481 674 719 721 corruptum
749 666 906 707 videtur
934 681 1035 716 esse3
1077 679 1282 721 nusquam
1314 666 1425 705 enim
1450 666 1530 706 nisi
1558 665 1637 704 hoc

306 744 402 784 loco
437 745 566 784 forma
602 746 759 800 passiva
788 744 863 786 τοῦ
889 740 1048 785 πλάθω
1075 745 1264 784 occurrit.
1316 744 1454 798 Ipsum
1482 736 1637 784 πλᾶθω

308 830 571 875 appropinquo
599 823 752 879 ubique
781 825 1037 864 intransitive
1062 830 1279 877 usurpatur
1309 837 1333 862 a
1360 823 1507 877 Poetis,
1541 836 1636 862 con-

308 900 458 941 seratur
485 900 656 956 Sophoc.
688 901 812 941 Elect.
842 915 897 941 vs.
923 900 1018 940 220.
1074 899 1246 940 Philoct.
1272 912 1329 939 vs.
1353 899 1449 941 728.
1494 899 1635 954 Eur-ip.

309 979 399 1019 Alc.
427 994 479 1018 vs·
511 980 606 1020 117.
664 981 794 1029 Quare
828 980 1049 1033 legendum
1079 993 1157 1019 esse
1183 980 1362 1034 conjicio
1387 992 1463 1033 pro
1483 977 1639 1026 ΠΛΑ-

309 1055 519 1107 ΘΕΤΛΙ,
546 1056 853 1105 ΑΠΤΕΤΑΙ,
893 1058 1005 1113 quod
1032 1057 1103 1098 hic
1132 1059 1373 1114 requiritur5
1411 1057 1640 1098 conseratur

310 1135 477 1175 Pindari
508 1135 648 1176 Isthm.
679 1136 741 1176 III
776 1150 828 1175 vs·
857 1136 925 1176 30.

695 1209 877 1268 ἀνορέαις
904 1209 942 1253 δ’
969 1208 1204 1266 ἐσχάταισιν

530 1288 691 1333 οἴκοθεν
717 1289 929 1334 στάλαισιν
956 1285 1130 1333 ἅπτονθ’
1155 1290 1417 1347 Ἡρακλείαις.

312 1370 363 1410 In
389 1385 502 1411 versu
525 1371 643 1410 tertio
668 1371 843 1424 legimus
858 1370 1026 1422 Ἀμμες
1048 1371 1282 1419 Aeolicum,
1310 1371 1380 1411 sed
1403 1379 1530 1412 cetera
1555 1385 1641 1411 ora-

311 1449 370 1489 tio
394 1449 540 1489 Dorica
563 1448 723 1503 flagitat
745 1455 785 1487 et
811 1448 881 1487 hic
906 1463 1025 1488 suum
1053 1445 1202 1499 Ἀμὲς,
1376 1450 1502 1502 igitur
1531 1450 1643 1488 resti-

313 1527 528 1568 tuendum.
595 1528 707 1567 Hanc
752 1527 1043 1567 correctionem
1082 1527 1218 1581 quoda
1307 1507 1388 1567 odo
1422 1526 1643 1567 confirmat

313 1607 434 1647 lectio
459 1607 584 1646 trium
609 1605 804 1645 Codicum
833 1605 875 1645 P.
892 1605 920 1645 i.
942 1620 977 1645 a.
1005 1606 1118 1657 ἅμεις
1139 1613 1177 1645 et
1191 1605 1347 1645 Codicis
1369 1605 1409 1645 C.
1432 1597 1642 1658 ἄμμες.-

315 1686 367 1726 In
394 1699 509 1725 versu
536 1692 685 1742 quarto
708 1698 794 1724 voc.
820 1684 1106 1723 semidoricum
1130 1678 1344 1734 Στάσαμεν
1369 1685 1415 1723 in
1439 1685 1643 1737 integrum

315 1761 501 1802 restituas
544 1761 784 1816 corrigendo
823 1755 1049 1813 Στάσαμες.
1112 1742 1311 1802 Postremo
1340 1775 1473 1802 versus
1509 1769 1648 1803 sextus

316 1839 547 1893 corruptela
586 1838 757 1878 laborat.
822 1840 918 1888 Quis
962 1839 1139 1893 explicet
1182 1835 1356 1890 Aalgoe'
1396 1835 1514 1879 i'aov‘?
1571 1840 1646 1879 sed

316 1919 409 1959 loco
442 1917 667 1959 remedium
695 1917 925 1965 fecerimus,
965 1918 1023 1965 si,
1060 1918 1195 1958 littera
1223 1930 1250 1958 σ
1277 1918 1430 1966 deleta,
1464 1920 1646 1973 sejuncta

319 1997 444 2035 unius
473 1996 580 2034 vocis
611 1994 791 2034 membra
822 1997 1169 2050 conjunxerimus.
1215 1995 1480 2036 scribendum
1507 1998 1647 2051 itaque

320 2068 556 2126 Δαιμόνιον.
613 2074 764 2114 Passim
797 2075 907 2129 apud
943 2075 1160 2129 Scriptores
1196 2082 1415 2115 occurrunt
1449 2075 1648 2129 adjectiva

320 2148 527 2204 δαιμόνιος
554 2160 592 2192 et
617 2152 734 2200 θεῖος
761 2153 1000 2207 conjuncta;
1033 2152 1262 2192 conseratur
1289 2151 1647 2200 Demosth.11,1.

320 2228 511 2287 δαιμονίᾳ
537 2228 615 2272 τινὶ
638 2228 708 2271 καὶ
728 2228 817 2289 θείᾳ
842 2227 1055 2288 εὐεργεσία.
1081 2232 1191 2272 Plut.
1216 2232 1355 2281 Moral.
1383 2232 1482 2287 Pag.
1505 2232 1573 2282 24,
1601 2230 1647 2271 A.

312 2300 475 2362 ’Ὠσπερ
493 2305 610 2362 ἡμεῖς
632 2305 699 2347 καὶ
721 2303 942 2362 πράγματα
959 2307 1025 2349 καὶ
1045 2309 1135 2362 ἢθη
1156 2306 1224 2349 καὶ
1245 2305 1298 2363 νή
1319 2306 1405 2351 Δία
1422 2303 1564 2362 λόγους
1582 2308 1650 2350 καὶ

321 2386 472 2441 ἄνδρας
510 2379 719 2437 εἰώθαμεν
767 2384 1001 2437 δαιμονίως
1043 2385 1111 2427 καὶ
1156 2384 1297 2434 θείους
1340 2385 1649 2442 προαγορεύειν.

323 2466 456 2522 Atque
484 2465 731 2520 adjectivum
755 2459 961 2518 δαιμόνιος
988 2479 1202 2506 commune
1225 2480 1388 2522 quoque
1406 2467 1566 2522 utrique
1586 2481 1649 2521 ge-

324 2546 413 2584 neri
433 2552 673 2600 usurpatur,
693 2545 925 2606 conseratur
948 2543 1140 2600 Aeschyl.
1159 2545 1268 2600 Sept.
1288 2560 1323 2586 c.
1336 2544 1462 2586 Theb..
1480 2560 1534 2585 vs.
1554 2541 1648 2586 873.

324 2624 434 2679 Lysi.
461 2625 527 2664 VI.
551 2622 616 2664 32.
646 2631 687 2665 et
713 2623 820 2664 P-lut.
852 2623 987 2665 moral.
1017 2624 1116 2679 Pag.
1143 2623 1239 2673 438,
1257 2624 1299 2664 C.
1347 2624 1465 2670 Ἔστι
1483 2621 1532 2664 δὲ
1554 2622 1651 2666 θεία

323 2698 401 2754 μὲν
422 2704 546 2749 ὄντως
572 2701 638 2742 καὶ
658 2696 863 2753 δαιμόνιος
886 2700 931 2757 (η’
957 2696 1156 2756 δύναμις).
