1894 3371
1554 0 1557 4 ¹
1593 2 1603 9 ⁶
1664 0 1678 25 .·”
1688 0 1731 30 3
1739 0 1894 40 ²³:233ffl

1784 39 1788 49 ;
1806 30 1893 81 fif]

872 327 1100 368 ..(36.-

926 450 1028 489 XXI.

372 531 480 580 Quae
516 531 705 570 Isocrates
734 528 837 570 ibid.
867 529 916 569 de
945 528 1076 569 officio
1106 528 1367 584 imperatorio
1395 535 1435 569 et
1460 541 1504 568 re
1531 527 1645 568 mili—

315 608 392 647 tari
436 608 616 663 disputat
656 608 833 648 eiusdem
877 608 1032 662 generis
1071 607 1260 647 videntur
1299 615 1421 662 atque
1461 613 1647 662 eaquae

317 685 506 727 Phormio
535 686 725 727 audiente
752 684 981 726 Hannibale
1012 686 1172 742 copiose
1199 685 1349 726 dicitur
1378 685 1619 727 disseruisse.

920 766 1045 805 XXII.

370 842 520 885 Eodem
556 842 700 884 iudicii
735 857 864 883 errore
893 842 1079 884 disseruit
1106 842 1219 883 Idem
1250 841 1301 882 ad
1329 841 1569 898 Philippum
1587 841 1647 882 'de

317 922 470 962 rationi
500 922 598 961 belli
625 921 807 962 barbaris
835 922 1057 969 inferendi,
1095 928 1135 961 et
1172 902 1398 961 amicorum
1431 921 1534 961 bene
1563 935 1645 960 mo·

316 1001 507 1056 nentium
535 994 821 1056 (in-Philippo
847 999 972 1054 5.19
1000 998 1106 1055 sqq.)
1135 998 1306 1039 consilia
1335 999 1495 1054 sprevit.

909 1077 1056 1116 XXIII.

371 1154 477 1196 Ibid.
505 1154 656 1211 §.136
689 1156 869 1196 insiticia
906 1162 1003 1195 sunt
1030 1153 1148 1195 verba
1186 1147 1209 1194 ὃ
1235 1152 1380 1208 μηδενὶ
1407 1154 1490 1197 τῶν
1511 1156 1647 1196 ἄλλων

316 1228 628 1288 διαπράξασθαι
656 1231 918 1287 συμβέβηκεν.

912 1313 1050 1352 XXIV.

370 1392 492 1447 Saepe
520 1392 712 1431 Isocrates
743 1391 954 1432 Platonem
983 1405 1069 1431 non
1098 1393 1358 1432 nominatum
1379 1392 1507 1442 rodit,
1532 1393 1646 1432 utin

316 1470 508 1527 Philippo
535 1471 575 1526 §.
604 1471 654 1512 14
684 1468 775 1512 ἀλλ’
799 1469 950 1523 ὁμοίως
976 1469 1015 1512 οἱ
1042 1471 1216 1513 τοιοῦτοι
1242 1472 1325 1513 τῶν
1352 1466 1482 1526 λόγων
1506 1475 1646 1527 ἄκυροι

313 1543 584 1602 τυγχάνουσιν
610 1551 718 1598 ὄντες
744 1551 829 1598 τοῖς
855 1543 992 1602 νόμοις
1020 1547 1087 1590 καὶ
1115 1551 1206 1598 ταῒς
1224 1547 1438 1598 πολιτείαις
1453 1552 1543 1599 ταῖς
1564 1547 1647 1592 ὖπό

313 1629 396 1668 τῶν
432 1628 614 1681 σοφιςῶν
649 1625 941 1682 γεγραμμέναις
979 1637 1018 1668 et
1047 1630 1094 1668 in
1118 1628 1289 1668 Helenae
1315 1630 1510 1669 Encomio
1538 1630 1645 1683 5.1.
1689 1675 1691 1677 μ

313 1704 394 1747 εἶσί
427 1722 526 1756 τινες
562 1732 585 1739 -
623 1705 662 1748 οἳ
699 1703 1040 1763 καταγεγηριίκασι
1083 1735 1130 1739 ——
1170 1702 1374 1757 διεξιόντες
1401 1705 1457 1757 ὥς
1484 1705 1647 1763 ἀνδρεία

311 1784 380 1826 καὶ
407 1784 534 1841 σοφία
561 1785 628 1827 καὶ
655 1782 890 1842 δικαιοσύνη
918 1784 1067 1829 ταυτόν
1095 1787 1201 1837 ἒςιν,
1235 1787 1384 1843 quibus
1425 1787 1524 1826 locis
1553 1801 1663 1827 cum«

314 1873 521 1906 contemtu
550 1867 704 1921 dialogi
735 1867 915 1906 Platonis
944 1868 1228 1906 traducuntur.

926 1945 1041 1984 XXV.

368 2026 418 2063 In
449 2025 634 2064 Isocratis
663 2025 844 2062 oratione
872 2020 971 2076 πρός
997 2019 1233 2079 Δημόνικον
1259 2024 1379 2078 5.11
1410 2021 1583 2065 ἐπιλίποι
1607 2022 1646 2063 δ’

312 2106 361 2144 ἂν
388 2096 499 2157 ἡμᾶς
526 2099 548 2143 ὁ
577 2101 658 2151 πᾶς
690 2095 835 2157 χρόνος
861 2100 895 2142 εἰ
924 2096 1059 2150 πάσας
1085 2096 1159 2150 τιὶς
1186 2099 1336 2143 ἐκείνου
1364 2098 1524 2157 πράξεις
1550 2117 1646 2145 κατ-

313 2178 676 2234 αριθμησαίμεθα,
692 2182 993 2220 emendandum
1014 2182 1319 2235 καταριθμῆσαι
1340 2179 1645 2235 [βουλοίμεθα.

916 2261 1052 2300 XXVI.

388 2338 474 2378 bid.
495 2340 527 2392 §.
547 2338 612 2378 29.
641 2336 786 2393 μηδενὶ
807 2334 1024 2394 συμφορᾶν
1043 2334 1254 2395 ὀνειδίσῃς·
1269 2334 1382 2393 κοινῆ
1397 2333 1473 2394 γοῖρ
1491 2335 1520 2393 ἦ
1537 2333 1645 2393 τύχη

313 2417 380 2460 καὶ
390 2415 437 2460 τό
448 2415 600 2470 μέλλον
614 2413 800 2473 ἀόρατον.
814 2419 1012 2458 Vitiosum
1028 2426 1084 2458 est
1098 2415 1280 2473 ἀόρατον,
1293 2420 1462 2460 emenda
1475 2412 1647 2472 ἀόριςον.

905 2499 1065 2539 XXVII.

367 2578 474 2618 Ibid.
504 2579 544 2632 5.
574 2578 641 2618 69.
698 2578 825 2631 δῆλον
852 2574 929 2632 γάρ
958 2576 1014 2625 αἷς
1031 2575 1055 2618 ὁ
1071 2575 1203 2631 μηδὲν
1221 2570 1280 2618 ὢν
1301 2574 1422 2625 αὐτός
1444 2572 1646 2630 χρήσιμος

311 2653 401 2697 οὐδ’
428 2651 479 2696 ἂν
507 2657 630 2697 ἄλλον
656 2651 853 2710 φρόνιμον
881 2650 1097 2711 ποιῆσειεν,
1137 2656 1425 2712 interpolatum
1454 2664 1511 2696 est
1538 2652 1646 2711 χρή-

312 2748 429 2785 σιμος
458 2742 496 2773 et
524 2735 758 2774 delendum.
