1894 3371
869 312 1108 356 ...60-

321 429 525 490 ιίπήλλαξε
552 436 625 488 τῆς
650 431 882 489 τυραννίδος
909 431 1042 492 ἡμέρᾳ
1059 431 1227 492 πέμπτῃ
1247 433 1421 478 Δαισίου
1438 432 1578 491 μηνός,
1600 431 1648 478 ὃν

321 509 534 568 Ἀθηναῖοι
561 513 753 555 καλοῦσιν
769 509 1137 569 ’Λνθεστηριῶνα,·
1150 512 1217 556 καὶ
1234 510 1308 570 τήν
1325 513 1480 558 θυσίαν
1496 513 1646 571 ἐκείνην

320 587 509 647 Σωτήρια
535 589 985 648 προςαγορεύουσι·’τη“ν
1010 590 1058 633 δὲ
1082 593 1159 634 τοῦ
1177 589 1304 647 μηνός
1330 593 1352 635 ε’
1359 610 1381 634 ν
1407 585 1438 651 ᾗ
1457 590 1647 648 γενέσθαι

319 667 391 711 τόν
418 669 548 726 ἄνδρα
576 665 953 725 διαμνημονεύουσι.

374 750 554 789 Primum
584 749 870 804 corrigendum
898 757 956 790 est
988 747 1162 799 θυσίας,
1196 750 1307 805 quod
1338 751 1542 806 sequentia
1572 745 1646 804 τήν

318 824 411 878 μὲν,
439 823 514 881 τήν
540 824 589 867 δέ
610 827 770 882 jubent.
793 853 846 858 —-
875 828 1027 868 Deinde
1055 829 1301 882 ejiciendum
1330 828 1386 869 ἕν.
1432 829 1532 868 Nam
1552 831 1644 868 sim-

319 907 420 961 plici
459 906 596 946 dativo
634 913 793 947 tantum
831 913 1005 946 utuntur
1043 906 1179 946 Graeci
1211 905 1263 945 ad
1291 913 1447 962 tempus
1476 905 1642 946 finitum

317 984 648 1039 significandum.

372 1135 439 1174 24.
501 1135 590 1188 Τῆς
627 1131 704 1186 μὲν
743 1128 817 1174 οὖν
860 1130 1055 1188 προτέρας
1095 1134 1170 1174 τοῦ
1211 1131 1312 1183 Διός
1344 1136 1419 1175 τοῦ
1456 1136 1645 1193 Σωτῆρος

317 1208 539 1267 κατήρχετο
574 1208 814 1266 θυηπόλος,
851 1213 925 1266 τῆς
964 1209 1012 1252 δὲ
1047 1207 1233 1267 δευτέρας
1269 1211 1292 1253 ό
1328 1214 1403 1254 τοῦ·
1438 1208 1619 1267 Ἀράτου
1630 1244 1644 1264 ,

317 1285 509 1345 στρόφιον
533 1287 614 1342 οὐχ
641 1283 761 1330 ὅλον
787 1285 937 1330 λευκό
945 1305 990 1338 ν,
1017 1286 1126 1330 dno?
1149 1285 1458 1345 μεσοπόρφυρον
1485 1287 1618 1344 ἔχων,

370 1372 491 1410 Recte
525 1371 707 1410 Reiskius
742 1370 843 1409 vidit
869 1370 922 1409 ad
948 1370 1024 1410 τοῦ
1049 1364 1151 1417 Διός
1176 1365 1412 1422 θυηπόλος,
1439 1374 1537 1426 quia
1566 1387 1643 1428 op-

315 1450 485 1505 ponitur
520 1445 544 1489 ό
579 1448 655 1490 τοῦ
681 1442 886 1504 Ἀράτου,
925 1447 1145 1506 articulum
1178 1447 1406 1489 desiderari.
1463 1449 1560 1501 Sed,
1590 1465 1642 1492 ne

316 1529 511 1568 articulus
540 1527 658 1567 verbo
687 1529 899 1581 interjecto
921 1543 943 1566 a
972 1529 1141 1566 nomine
1160 1528 1427 1577 distrahatur,
1458 1530 1566 1583 quod
1585 1538 1642 1569 est

315 1616 457 1647 contra
495 1607 663 1661 linguae
700 1606 900 1656 indolem,
941 1605 1299 1660 ‘transponendum
1340 1606 1442 1646 mihi
1484 1607 1641 1647 videtur

314 1679 530 1739 θυηπόλος
568 1678 803 1738 κατήρχετο.
846 1709 890 1715 -
947 1684 1156 1724 Caeterum
1198 1679 1388 1738 στρόφιον
1426 1679 1506 1738 οὐχ
1545 1675 1641 1739 ὅλον

314 1757 455 1804 λευκόν
475 1763 627 1803 dicitur
644 1764 760 1819 quasi
779 1778 868 1818 pars
888 1778 911 1802 a
928 1763 1109 1817 strophio
1129 1763 1223 1803 albo
1242 1762 1412 1803 abscissa
1431 1764 1494 1803 sit.
1524 1747 1642 1813 Quod

314 1856 444 1897 quum
466 1843 518 1882 sit
544 1840 764 1881 absurdum
790 1849 828 1881 et
849 1842 1012 1896 perierit
1033 1842 1155 1881 etiam
1180 1840 1409 1882 antithesis:
1441 1842 1645 1895 corrigen1

314 1921 414 1960 dum
450 1921 630 1969 videtur,
665 1936 749 1961 una
785 1921 917 1961 littera
948 1920 1099 1968 deleta,
1130 1916 1361 1970 ὁλόλευκον,
1398 1921 1507 1975 quod
1536 1928 1639 1961 recte

313 2000 486 2039 omnino
514 1999 726 2054 respondet
753 1999 812 2056 τῷ
837 1994 1159 2055 μεσοπόρφυρον.

829 2195 855 2233 C
876 2196 909 2235 A
930 2195 971 2234 P.
1030 2195 1126 2234 LIV.

368 2327 406 2365 5.
463 2322 529 2364 καὶ
556 2320 804 2378 παρέτρεψεν
830 2322 883 2371 εἰς
910 2319 1042 2371 δεινάς
1074 2320 1141 2363 καὶ
1168 2318 1414 2371 ἀλλοκότους
1443 2323 1638 2380 ἐπιφοράς

309 2395 493 2459 πράξεων
524 2396 690 2444 α’τόπων
725 2399 791 2442 καὶ
820 2397 896 2443 σι’-ν
924 2396 1103 2458 αἰσχύνῃ
1131 2400 1284 2442 παθῶν
1311 2396 1508 2458 ὀλεθρίων
1533 2399 1637 2458 όρε-

310 2477 367 2536 yo'
373 2496 549 2535 μενον,

363 2557 548 2617 πράξεων
583 2558 650 2601 καὶ
684 2560 838 2602 παθῶν
871 2567 967 2600 sunt
995 2561 1170 2601 Genitivi
1201 2559 1388 2616 objectivi
1419 2561 1636 2616 pendentes

311 2655 333 2679 a
358 2639 608 2680 substantivo
634 2639 785 2680 verbali
815 2633 1034 2694 ἐπιφοράς,
1052 2639 1164 2693 quod
1186 2639 1311 2679 lector
1330 2639 1479 2694 aliquis
1500 2640 1636 2686 minus

308 2719 552 2774 perspiciens
577 2717 736 2759 addidit
759 2717 866 2759 verb.
886 2712 1142 2773 ὀρεγόμενον,
1166 2733 1248 2774 quo
1271 2732 1431 2759 sensum
1453 2720 1635 2774 corrupit
