<?xml version="1.0" encoding="UTF-8"?>
<!DOCTYPE html PUBLIC "-//W3C//DTD XHTML 1.0 Transitional//EN"
    "http://www.w3.org/TR/xhtml1/DTD/xhtml1-transitional.dtd">
<html xmlns="http://www.w3.org/1999/xhtml" xml:lang="en" lang="en">
 <head>
  <title>
</title>
<meta http-equiv="Content-Type" content="text/html;charset=utf-8" />
  <meta name='ocr-system' content='tesseract 3.04.00' />
  <meta name='ocr-capabilities' content='ocr_page ocr_carea ocr_par ocr_line ocrx_word'/>
</head>
<body>
  <div class='ocr_page' id='page_1' title='image "4738015_0082.png"; bbox 0 0 1894 3371; ppageno 0'>
   <div class='ocr_carea' id='block_1_1' title="bbox 886 317 1116 358">
    <p class='ocr_par' dir='ltr' id='par_1_1' title="bbox 886 317 1116 358">
     <span class='ocr_line' id='line_1_1' title="bbox 886 317 1116 358; baseline 0 -11"><span class='ocrx_word' id='word_1_1' title='bbox 886 317 1116 358; x_wconf 60' lang='grc'><strong>,(38-</strong></span> 
     </span>
    </p>
   </div>
   <div class='ocr_carea' id='block_1_2' title="bbox 331 437 1696 1123">
    <p class='ocr_par' dir='ltr' id='par_1_2' title="bbox 331 437 1696 1123">
     <span class='ocr_line' id='line_1_2' title="bbox 922 437 1094 478; baseline 0 -1"><span class='ocrx_word' id='word_1_2' title='bbox 922 437 1094 478; x_wconf 82' lang='lat' dir='ltr'><strong>XXXVI.</strong></span> 
     </span>
     <span class='ocr_line' id='line_1_3' title="bbox 393 513 1668 571; baseline 0.002 -16"><span class='ocrx_word' id='word_1_3' title='bbox 393 515 499 556; x_wconf 89' lang='lat' dir='ltr'><strong>Ibid.</strong></span> <span class='ocrx_word' id='word_1_4' title='bbox 529 532 568 570; x_wconf 87' lang='lat' dir='ltr'><em>p.</em></span> <span class='ocrx_word' id='word_1_5' title='bbox 599 517 693 557; x_wconf 81' lang='lat'><em>343.</em></span> <span class='ocrx_word' id='word_1_6' title='bbox 722 531 758 556; x_wconf 85' lang='lat' dir='ltr'><em>e.</em></span> <span class='ocrx_word' id='word_1_7' title='bbox 816 518 961 570; x_wconf 76' lang='grc' dir='ltr'><em>εὔηθες</em></span> <span class='ocrx_word' id='word_1_8' title='bbox 993 513 1071 569; x_wconf 69' lang='grc' dir='ltr'><em>γάρ</em></span> <span class='ocrx_word' id='word_1_9' title='bbox 1106 513 1227 558; x_wconf 83' lang='grc' dir='ltr'><em>τοῦτό</em></span> <span class='ocrx_word' id='word_1_10' title='bbox 1264 533 1306 570; x_wconf 86' lang='grc' dir='ltr'><em>γε</em></span> <span class='ocrx_word' id='word_1_11' title='bbox 1344 517 1489 571; x_wconf 76' lang='grc' dir='ltr'><em>φανείη</em></span> <span class='ocrx_word' id='word_1_12' title='bbox 1525 518 1590 558; x_wconf 83' lang='grc' dir='ltr'><em>καὶ</em></span> <span class='ocrx_word' id='word_1_13' title='bbox 1618 516 1668 558; x_wconf 79' lang='grc' dir='ltr'><em>ου’</em></span> 
     </span>
     <span class='ocr_line' id='line_1_4' title="bbox 335 591 1175 650; baseline 0.002 -17"><span class='ocrx_word' id='word_1_14' title='bbox 335 592 590 646; x_wconf 73' lang='grc' dir='ltr'><strong><em>Σιμωνίδου,</em></strong></span> <span class='ocrx_word' id='word_1_15' title='bbox 617 596 695 650; x_wconf 84' lang='lat' dir='ltr'><em>leg.</em></span> <span class='ocrx_word' id='word_1_16' title='bbox 724 591 776 636; x_wconf 80' lang='grc' dir='ltr'><em>ου’</em></span> <span class='ocrx_word' id='word_1_17' title='bbox 803 591 902 649; x_wconf 76' lang='grc' dir='ltr'><em>πρός</em></span> <span class='ocrx_word' id='word_1_18' title='bbox 930 592 1175 645; x_wconf 74' lang='grc' dir='ltr'><strong><em>Σιμωνίδου.</em></strong></span> 
     </span>
     <span class='ocr_line' id='line_1_5' title="bbox 905 675 1099 714; baseline 0 -1"><span class='ocrx_word' id='word_1_19' title='bbox 905 675 1099 714; x_wconf 80' lang='lat' dir='ltr'><strong>XXXVII.</strong></span> 
     </span>
     <span class='ocr_line' id='line_1_6' title="bbox 391 751 1666 809; baseline 0.003 -18"><span class='ocrx_word' id='word_1_20' title='bbox 391 753 441 791; x_wconf 92' lang='lat' dir='ltr'><em>In</em></span> <span class='ocrx_word' id='word_1_21' title='bbox 470 753 651 793; x_wconf 85' lang='lat' dir='ltr'>Platonis</span> <span class='ocrx_word' id='word_1_22' title='bbox 679 754 777 793; x_wconf 83' lang='lat' dir='ltr'><em>Ione</em></span> <span class='ocrx_word' id='word_1_23' title='bbox 807 769 847 808; x_wconf 92' lang='lat' dir='ltr'><em>p.</em></span> <span class='ocrx_word' id='word_1_24' title='bbox 879 753 972 794; x_wconf 86' lang='lat'><strong>530.</strong></span> <span class='ocrx_word' id='word_1_25' title='bbox 1003 769 1038 794; x_wconf 88' lang='lat' dir='ltr'><em>a.</em></span> <span class='ocrx_word' id='word_1_26' title='bbox 1096 755 1184 803; x_wconf 79' lang='grc' dir='ltr'><em>πῶς</em></span> <span class='ocrx_word' id='word_1_27' title='bbox 1214 770 1253 796; x_wconf 89' lang='grc' dir='ltr'><em>τι</em></span> <span class='ocrx_word' id='word_1_28' title='bbox 1278 751 1487 809; x_wconf 70' lang='grc' dir='ltr'><em>ἠγωνίσως</em></span> <span class='ocrx_word' id='word_1_29' title='bbox 1530 771 1565 796; x_wconf 84' lang='grc' dir='ltr'><em>τι</em></span> <span class='ocrx_word' id='word_1_30' title='bbox 1594 756 1666 796; x_wconf 90' lang='lat' dir='ltr'><em>de-</em></span> 
     </span>
     <span class='ocr_line' id='line_1_7' title="bbox 333 832 521 871; baseline 0 0"><span class='ocrx_word' id='word_1_31' title='bbox 333 832 521 871; x_wconf 89' lang='lat' dir='ltr'><strong>lendum.</strong></span> 
     </span>
     <span class='ocr_line' id='line_1_8' title="bbox 892 913 1106 952; baseline 0 -1"><span class='ocrx_word' id='word_1_32' title='bbox 892 913 1106 952; x_wconf 88' lang='lat' dir='ltr'><strong>XXXVIII.</strong></span> 
     </span>
     <span class='ocr_line' id='line_1_9' title="bbox 389 984 1663 1046; baseline 0.002 -18"><span class='ocrx_word' id='word_1_33' title='bbox 389 989 497 1029; x_wconf 89' lang='lat' dir='ltr'><strong>Ibid.</strong></span> <span class='ocrx_word' id='word_1_34' title='bbox 531 1006 572 1046; x_wconf 91' lang='lat' dir='ltr'><em>p.</em></span> <span class='ocrx_word' id='word_1_35' title='bbox 588 991 682 1031; x_wconf 86' lang='lat'><strong>533.</strong></span> <span class='ocrx_word' id='word_1_36' title='bbox 712 1007 745 1031; x_wconf 89' lang='lat' dir='ltr'><em>c.</em></span> <span class='ocrx_word' id='word_1_37' title='bbox 790 989 856 1030; x_wconf 87' lang='grc' dir='ltr'><em>καὶ</em></span> <span class='ocrx_word' id='word_1_38' title='bbox 874 989 1060 1043; x_wconf 79' lang='grc' dir='ltr'><em>ἅρχομαί</em></span> <span class='ocrx_word' id='word_1_39' title='bbox 1071 987 1118 1044; x_wconf 78' lang='grc' dir='ltr'><em>γέ</em></span> <span class='ocrx_word' id='word_1_40' title='bbox 1135 1003 1198 1031; x_wconf 92' lang='grc' dir='ltr'><em>σοι</em></span> <span class='ocrx_word' id='word_1_41' title='bbox 1217 987 1537 1044; x_wconf 89' lang='grc' dir='ltr'><em>ἀποφαινόμενος</em></span> <span class='ocrx_word' id='word_1_42' title='bbox 1553 984 1579 1031; x_wconf 80' lang='grc' dir='ltr'>ὅ</span> <span class='ocrx_word' id='word_1_43' title='bbox 1593 1006 1663 1042; x_wconf 89' lang='grc' dir='ltr'><em>μοι</em></span> 
     </span>
     <span class='ocr_line' id='line_1_10' title="bbox 331 1066 1696 1123; baseline 0.001 -17"><span class='ocrx_word' id='word_1_44' title='bbox 331 1066 458 1115; x_wconf 77' lang='grc' dir='ltr'><em>δοκεῖ,</em></span> <span class='ocrx_word' id='word_1_45' title='bbox 500 1068 778 1122; x_wconf 88' lang='lat' dir='ltr'><strong>recipiendum</strong></span> <span class='ocrx_word' id='word_1_46' title='bbox 821 1076 906 1107; x_wconf 83' lang='lat' dir='ltr'><strong>erat</strong></span> <span class='ocrx_word' id='word_1_47' title='bbox 951 1068 1061 1123; x_wconf 86' lang='lat' dir='ltr'>quod</span> <span class='ocrx_word' id='word_1_48' title='bbox 1101 1067 1257 1108; x_wconf 81' lang='lat' dir='ltr'><strong>dabant</strong></span> <span class='ocrx_word' id='word_1_49' title='bbox 1296 1069 1459 1108; x_wconf 86' lang='lat' dir='ltr'>Codices</span> <span class='ocrx_word' id='word_1_50' title='bbox 1490 1066 1696 1123; x_wconf 58' lang='grc' dir='ltr'><em>ἔρχομαι.</em></span> 
     </span>
    </p>
   </div>
   <div class='ocr_carea' id='block_1_3' title="bbox 333 1142 1082 1265">
    <p class='ocr_par' dir='ltr' id='par_1_3' title="bbox 333 1142 1082 1265">
     <span class='ocr_line' id='line_1_11' title="bbox 333 1142 1041 1202; baseline -0.001 -15"><span class='ocrx_word' id='word_1_51' title='bbox 333 1156 419 1187; x_wconf 85' lang='lat' dir='ltr'><em>tum</em></span> <span class='ocrx_word' id='word_1_52' title='bbox 448 1142 784 1200; x_wconf 71' lang='grc' dir='ltr'><em>ἀποφανούμενος</em></span> <span class='ocrx_word' id='word_1_53' title='bbox 811 1148 1041 1202; x_wconf 83' lang='lat' dir='ltr'><strong>legendum.</strong></span> 
     </span>
     <span class='ocr_line' id='line_1_12' title="bbox 909 1226 1082 1265; baseline -0.006 0"><span class='ocrx_word' id='word_1_54' title='bbox 909 1226 1082 1265; x_wconf 86' lang='lat' dir='ltr'>XXXIX.</span> 
     </span>
    </p>
   </div>
   <div class='ocr_carea' id='block_1_4' title="bbox 326 1301 1661 1994">
    <p class='ocr_par' dir='ltr' id='par_1_4' title="bbox 328 1301 1661 1520">
     <span class='ocr_line' id='line_1_13' title="bbox 385 1301 1660 1362; baseline 0 -17"><span class='ocrx_word' id='word_1_55' title='bbox 385 1307 434 1345; x_wconf 91' lang='lat' dir='ltr'><em>In</em></span> <span class='ocrx_word' id='word_1_56' title='bbox 475 1306 655 1345; x_wconf 80' lang='lat' dir='ltr'><strong>Platonis</strong></span> <span class='ocrx_word' id='word_1_57' title='bbox 693 1306 863 1344; x_wconf 86' lang='lat' dir='ltr'><strong>Menone</strong></span> <span class='ocrx_word' id='word_1_58' title='bbox 899 1321 937 1359; x_wconf 86' lang='lat' dir='ltr'><em>p.</em></span> <span class='ocrx_word' id='word_1_59' title='bbox 966 1304 1032 1345; x_wconf 81' lang='lat'><em>94.</em></span> <span class='ocrx_word' id='word_1_60' title='bbox 1062 1320 1095 1345; x_wconf 87' lang='lat' dir='ltr'><em>e.</em></span> <span class='ocrx_word' id='word_1_61' title='bbox 1163 1301 1260 1353; x_wconf 70' lang='grc' dir='ltr'><em>ἷοως</em></span> <span class='ocrx_word' id='word_1_62' title='bbox 1285 1303 1361 1357; x_wconf 80' lang='grc' dir='ltr'><em>μὲν</em></span> <span class='ocrx_word' id='word_1_63' title='bbox 1389 1305 1455 1345; x_wconf 85' lang='grc' dir='ltr'><em>καὶ</em></span> <span class='ocrx_word' id='word_1_64' title='bbox 1483 1304 1527 1345; x_wconf 79' lang='grc' dir='ltr'><em>ἐν</em></span> <span class='ocrx_word' id='word_1_65' title='bbox 1555 1307 1660 1362; x_wconf 75' lang='grc' dir='ltr'><em>ἄλλῃ</em></span> 
     </span>
     <span class='ocr_line' id='line_1_14' title="bbox 328 1378 1661 1443; baseline 0.001 -19"><span class='ocrx_word' id='word_1_66' title='bbox 328 1379 438 1424; x_wconf 79' lang='grc' dir='ltr'><em>πόλει</em></span> <span class='ocrx_word' id='word_1_67' title='bbox 468 1379 568 1441; x_wconf 70' lang='grc' dir='ltr'><em>ῥᾳ’δ</em></span> <span class='ocrx_word' id='word_1_68' title='bbox 578 1400 590 1423; x_wconf 98' lang='grc' dir='ltr'><em>ι</em></span> <span class='ocrx_word' id='word_1_69' title='bbox 604 1379 655 1423; x_wconf 86' lang='grc' dir='ltr'><em>όν</em></span> <span class='ocrx_word' id='word_1_70' title='bbox 682 1382 740 1429; x_wconf 80' lang='grc' dir='ltr'><em>ἒςι</em></span> <span class='ocrx_word' id='word_1_71' title='bbox 768 1385 900 1432; x_wconf 81' lang='grc' dir='ltr'><em>κακῶς</em></span> <span class='ocrx_word' id='word_1_72' title='bbox 928 1387 1054 1424; x_wconf 83' lang='grc' dir='ltr'><em>ποιεῖν</em></span> <span class='ocrx_word' id='word_1_73' title='bbox 1082 1380 1331 1439; x_wconf 73' lang='grc' dir='ltr'><em>ἀνθρώπους</em></span> <span class='ocrx_word' id='word_1_74' title='bbox 1358 1379 1387 1439; x_wconf 84' lang='grc' dir='ltr'><em>ἢ</em></span> <span class='ocrx_word' id='word_1_75' title='bbox 1413 1378 1477 1434; x_wconf 76' lang='grc' dir='ltr'><em>εὖ,</em></span> <span class='ocrx_word' id='word_1_76' title='bbox 1500 1384 1544 1425; x_wconf 78' lang='grc' dir='ltr'><em>ἕν</em></span> <span class='ocrx_word' id='word_1_77' title='bbox 1561 1384 1661 1443; x_wconf 76' lang='grc' dir='ltr'><em>τῇδε</em></span> 
     </span>
     <span class='ocr_line' id='line_1_15' title="bbox 328 1461 875 1520; baseline 0 -18"><span class='ocrx_word' id='word_1_78' title='bbox 328 1461 375 1503; x_wconf 78' lang='grc' dir='ltr'><em>δὲ</em></span> <span class='ocrx_word' id='word_1_79' title='bbox 402 1462 470 1503; x_wconf 80' lang='grc' dir='ltr'><em>καὶ</em></span> <span class='ocrx_word' id='word_1_80' title='bbox 496 1465 626 1512; x_wconf 71' lang='grc' dir='ltr'><em>πάνυ,</em></span> <span class='ocrx_word' id='word_1_81' title='bbox 657 1464 732 1516; x_wconf 82' lang='lat' dir='ltr'><em>leg.</em></span> <span class='ocrx_word' id='word_1_82' title='bbox 763 1461 875 1520; x_wconf 73' lang='grc' dir='ltr'><em>ῥᾷον.</em></span> 
     </span>
    </p>

    <p class='ocr_par' dir='ltr' id='par_1_5' title="bbox 957 1543 1034 1582">
     <span class='ocr_line' id='line_1_16' title="bbox 957 1543 1034 1582; baseline 0.013 -1"><span class='ocrx_word' id='word_1_83' title='bbox 957 1543 1034 1582; x_wconf 84' lang='lat' dir='ltr'><em>XL.</em></span> 
     </span>
    </p>

    <p class='ocr_par' dir='ltr' id='par_1_6' title="bbox 326 1617 1660 1835">
     <span class='ocr_line' id='line_1_17' title="bbox 382 1617 1660 1675; baseline 0 -14"><span class='ocrx_word' id='word_1_84' title='bbox 382 1623 431 1661; x_wconf 91' lang='lat' dir='ltr'><em>In</em></span> <span class='ocrx_word' id='word_1_85' title='bbox 469 1620 680 1661; x_wconf 83' lang='lat' dir='ltr'>Alcibiade</span> <span class='ocrx_word' id='word_1_86' title='bbox 718 1622 751 1660; x_wconf 96' lang='lat' dir='ltr'><em>I.</em></span> <span class='ocrx_word' id='word_1_87' title='bbox 788 1636 827 1675; x_wconf 80' lang='lat' dir='ltr'><em>p.</em></span> <span class='ocrx_word' id='word_1_88' title='bbox 861 1621 953 1661; x_wconf 88' lang='lat'>104.</span> <span class='ocrx_word' id='word_1_89' title='bbox 982 1635 1016 1660; x_wconf 87' lang='lat' dir='ltr'><em>e.</em></span> <span class='ocrx_word' id='word_1_90' title='bbox 1074 1617 1124 1660; x_wconf 72' lang='grc' dir='ltr'><em>ου’</em></span> <span class='ocrx_word' id='word_1_91' title='bbox 1155 1617 1232 1673; x_wconf 73' lang='grc' dir='ltr'><em>γάρ</em></span> <span class='ocrx_word' id='word_1_92' title='bbox 1261 1635 1321 1661; x_wconf 88' lang='grc' dir='ltr'><em>τοι</em></span> <span class='ocrx_word' id='word_1_93' title='bbox 1350 1618 1412 1673; x_wconf 88' lang='grc' dir='ltr'><em>εἴη</em></span> <span class='ocrx_word' id='word_1_94' title='bbox 1440 1618 1660 1673; x_wconf 72' lang='grc' dir='ltr'><em>θαυμαςόν</em></span> 
     </span>
     <span class='ocr_line' id='line_1_18' title="bbox 326 1690 1658 1753; baseline -0.001 -14"><span class='ocrx_word' id='word_1_95' title='bbox 326 1699 358 1739; x_wconf 76' lang='grc' dir='ltr'><em>εἰ</em></span> <span class='ocrx_word' id='word_1_96' title='bbox 393 1690 528 1751; x_wconf 71' lang='grc' dir='ltr'><em>ὥσπερ</em></span> <span class='ocrx_word' id='word_1_97' title='bbox 563 1698 629 1739; x_wconf 85' lang='grc' dir='ltr'><strong><em>καί</em></strong></span> <span class='ocrx_word' id='word_1_98' title='bbox 662 1694 777 1752; x_wconf 80' lang='grc' dir='ltr'><em>μόγις</em></span> <span class='ocrx_word' id='word_1_99' title='bbox 812 1696 997 1753; x_wconf 78' lang='grc' dir='ltr'><em>ἠρξάμην</em></span> <span class='ocrx_word' id='word_1_100' title='bbox 1030 1692 1136 1739; x_wconf 79' lang='grc' dir='ltr'><em>οὕτω</em></span> <span class='ocrx_word' id='word_1_101' title='bbox 1164 1695 1277 1751; x_wconf 87' lang='grc' dir='ltr'><em>μόγις</em></span> <span class='ocrx_word' id='word_1_102' title='bbox 1305 1699 1372 1739; x_wconf 84' lang='grc' dir='ltr'><em>καὶ</em></span> <span class='ocrx_word' id='word_1_103' title='bbox 1398 1698 1658 1753; x_wconf 73' lang='grc' dir='ltr'><em>παυσαίμην,</em></span> 
     </span>
     <span class='ocr_line' id='line_1_19' title="bbox 326 1771 1557 1835; baseline -0.001 -16"><span class='ocrx_word' id='word_1_104' title='bbox 326 1780 400 1835; x_wconf 78' lang='lat' dir='ltr'><em>leg.</em></span> <span class='ocrx_word' id='word_1_105' title='bbox 432 1776 482 1818; x_wconf 80' lang='grc' dir='ltr'><em>ου’</em></span> <span class='ocrx_word' id='word_1_106' title='bbox 508 1774 585 1831; x_wconf 87' lang='grc' dir='ltr'><em>γάρ</em></span> <span class='ocrx_word' id='word_1_107' title='bbox 611 1794 648 1819; x_wconf 81' lang='grc' dir='ltr'><em>τι</em></span> <span class='ocrx_word' id='word_1_108' title='bbox 678 1803 731 1810; x_wconf 88' lang='lat'>—</span> <span class='ocrx_word' id='word_1_109' title='bbox 761 1771 895 1832; x_wconf 73' lang='grc' dir='ltr'><em>ὥσπερ</em></span> <span class='ocrx_word' id='word_1_110' title='bbox 921 1772 1038 1828; x_wconf 87' lang='grc' dir='ltr'><em>μόλις</em></span> <span class='ocrx_word' id='word_1_111' title='bbox 1067 1772 1252 1832; x_wconf 73' lang='grc' dir='ltr'><em>ἠρξάμην</em></span> <span class='ocrx_word' id='word_1_112' title='bbox 1270 1802 1292 1808; x_wconf 94' lang='grc'><strong>-</strong></span> <span class='ocrx_word' id='word_1_113' title='bbox 1314 1775 1557 1832; x_wconf 75' lang='grc' dir='ltr'><em>παυσοίμην.</em></span> 
     </span>
    </p>

    <p class='ocr_par' dir='ltr' id='par_1_7' title="bbox 381 1858 1661 1994">
     <span class='ocr_line' id='line_1_20' title="bbox 942 1858 1042 1898; baseline 0.01 -1"><span class='ocrx_word' id='word_1_114' title='bbox 942 1858 1042 1898; x_wconf 85' lang='lat' dir='ltr'><strong>XLI.</strong></span> 
     </span>
     <span class='ocr_line' id='line_1_21' title="bbox 381 1933 1661 1994; baseline -0.001 -15"><span class='ocrx_word' id='word_1_115' title='bbox 381 1939 486 1979; x_wconf 82' lang='lat' dir='ltr'><strong>Ibid.</strong></span> <span class='ocrx_word' id='word_1_116' title='bbox 523 1955 562 1994; x_wconf 87' lang='lat' dir='ltr'><em>p.</em></span> <span class='ocrx_word' id='word_1_117' title='bbox 596 1939 686 1980; x_wconf 89' lang='lat'>129.</span> <span class='ocrx_word' id='word_1_118' title='bbox 719 1955 753 1979; x_wconf 80' lang='lat' dir='ltr'><em>a.</em></span> <span class='ocrx_word' id='word_1_119' title='bbox 813 1935 836 1978; x_wconf 84' lang='grc' dir='ltr'><em>ὁ</em></span> <span class='ocrx_word' id='word_1_120' title='bbox 871 1938 992 1979; x_wconf 79' lang='grc' dir='ltr'><em>τοῦτο</em></span> <span class='ocrx_word' id='word_1_121' title='bbox 1027 1934 1198 1985; x_wconf 76' lang='grc' dir='ltr'><em>ἀναθεὶς</em></span> <span class='ocrx_word' id='word_1_122' title='bbox 1233 1936 1287 1985; x_wconf 84' lang='grc' dir='ltr'><em>εἷς</em></span> <span class='ocrx_word' id='word_1_123' title='bbox 1323 1933 1393 1978; x_wconf 73' lang='grc' dir='ltr'><em>τᾶν</em></span> <span class='ocrx_word' id='word_1_124' title='bbox 1426 1936 1471 1978; x_wconf 81' lang='grc' dir='ltr'><em>ἕν</em></span> <span class='ocrx_word' id='word_1_125' title='bbox 1510 1938 1661 1978; x_wconf 78' lang='grc' dir='ltr'><em>Πυθοῖ</em></span> 
     </span>
    </p>
   </div>
   <div class='ocr_carea' id='block_1_5' title="bbox 324 2015 644 2066">
    <p class='ocr_par' dir='ltr' id='par_1_8' title="bbox 324 2015 644 2066">
     <span class='ocr_line' id='line_1_22' title="bbox 324 2015 644 2066; baseline 0.003 -9"><span class='ocrx_word' id='word_1_126' title='bbox 324 2015 443 2066; x_wconf 81' lang='grc' dir='ltr'><em>νεών,</em></span> <span class='ocrx_word' id='word_1_127' title='bbox 472 2020 560 2058; x_wconf 86' lang='lat' dir='ltr'><strong>dele</strong></span> <span class='ocrx_word' id='word_1_128' title='bbox 589 2018 644 2059; x_wconf 78' lang='grc' dir='ltr'><em>ἐν.</em></span> 
     </span>
    </p>
   </div>
   <div class='ocr_carea' id='block_1_6' title="bbox 319 2096 1668 2784">
    <p class='ocr_par' dir='ltr' id='par_1_9' title="bbox 929 2096 1050 2134">
     <span class='ocr_line' id='line_1_23' title="bbox 929 2096 1050 2134; baseline 0 0"><span class='ocrx_word' id='word_1_129' title='bbox 929 2096 1050 2134; x_wconf 85' lang='lat' dir='ltr'><strong>XLII.</strong></span> 
     </span>
    </p>

    <p class='ocr_par' dir='ltr' id='par_1_10' title="bbox 320 2166 1654 2385">
     <span class='ocr_line' id='line_1_24' title="bbox 379 2166 1654 2228; baseline -0.002 -14"><span class='ocrx_word' id='word_1_130' title='bbox 379 2177 430 2214; x_wconf 90' lang='lat' dir='ltr'><em>In</em></span> <span class='ocrx_word' id='word_1_131' title='bbox 467 2176 649 2214; x_wconf 85' lang='lat' dir='ltr'><strong>Platonis</strong></span> <span class='ocrx_word' id='word_1_132' title='bbox 684 2174 897 2214; x_wconf 85' lang='lat' dir='ltr'>Charmide</span> <span class='ocrx_word' id='word_1_133' title='bbox 926 2189 967 2228; x_wconf 90' lang='lat' dir='ltr'><em>p.</em></span> <span class='ocrx_word' id='word_1_134' title='bbox 1002 2173 1093 2213; x_wconf 86' lang='lat'><em>153.</em></span> <span class='ocrx_word' id='word_1_135' title='bbox 1122 2188 1157 2212; x_wconf 86' lang='lat' dir='ltr'><em>a.</em></span> <span class='ocrx_word' id='word_1_136' title='bbox 1219 2166 1303 2212; x_wconf 81' lang='grc' dir='ltr'><em>οἷον</em></span> <span class='ocrx_word' id='word_1_137' title='bbox 1332 2170 1379 2212; x_wconf 79' lang='grc' dir='ltr'><em>δὲ</em></span> <span class='ocrx_word' id='word_1_138' title='bbox 1407 2169 1478 2213; x_wconf 72' lang='grc' dir='ltr'><em>διοέ</em></span> <span class='ocrx_word' id='word_1_139' title='bbox 1504 2168 1654 2226; x_wconf 85' lang='grc' dir='ltr'><em>χρόνου</em></span> 
     </span>
     <span class='ocr_line' id='line_1_25' title="bbox 320 2246 1653 2311; baseline -0.002 -16"><span class='ocrx_word' id='word_1_140' title='bbox 320 2250 541 2309; x_wconf 73' lang='grc' dir='ltr'><em>ἀφιγμένος</em></span> <span class='ocrx_word' id='word_1_141' title='bbox 569 2248 758 2306; x_wconf 77' lang='grc' dir='ltr'><em>ἀσμένως</em></span> <span class='ocrx_word' id='word_1_142' title='bbox 782 2246 844 2311; x_wconf 74' lang='grc' dir='ltr'><em>ᾖα</em></span> <span class='ocrx_word' id='word_1_143' title='bbox 871 2250 940 2294; x_wconf 79' lang='grc' dir='ltr'><em>ἐπὶ</em></span> <span class='ocrx_word' id='word_1_144' title='bbox 968 2248 1040 2300; x_wconf 80' lang='grc' dir='ltr'><em>τάς</em></span> <span class='ocrx_word' id='word_1_145' title='bbox 1068 2246 1261 2306; x_wconf 75' lang='grc' dir='ltr'><em>συνήθεις</em></span> <span class='ocrx_word' id='word_1_146' title='bbox 1287 2247 1515 2307; x_wconf 72' lang='grc' dir='ltr'><em>διατριβάς,</em></span> <span class='ocrx_word' id='word_1_147' title='bbox 1552 2253 1653 2293; x_wconf 75' lang='lat' dir='ltr'><strong>Aui-</strong></span> 
     </span>
     <span class='ocr_line' id='line_1_26' title="bbox 322 2332 1255 2385; baseline -0.004 -11"><span class='ocrx_word' id='word_1_148' title='bbox 322 2349 415 2373; x_wconf 89' lang='lat' dir='ltr'><em>cum</em></span> <span class='ocrx_word' id='word_1_149' title='bbox 445 2342 502 2373; x_wconf 88' lang='lat' dir='ltr'><em>est</em></span> <span class='ocrx_word' id='word_1_150' title='bbox 530 2336 700 2385; x_wconf 78' lang='grc' dir='ltr'><em>ἄσμενος</em></span> <span class='ocrx_word' id='word_1_151' title='bbox 728 2340 768 2371; x_wconf 84' lang='lat' dir='ltr'><em>et</em></span> <span class='ocrx_word' id='word_1_152' title='bbox 796 2333 957 2371; x_wconf 76' lang='lat' dir='ltr'><strong>Platoni</strong></span> <span class='ocrx_word' id='word_1_153' title='bbox 987 2332 1255 2371; x_wconf 84' lang='lat' dir='ltr'><strong>reddendum.</strong></span> 
     </span>
    </p>

    <p class='ocr_par' dir='ltr' id='par_1_11' title="bbox 917 2410 1061 2450">
     <span class='ocr_line' id='line_1_27' title="bbox 917 2410 1061 2450; baseline -0.007 0"><span class='ocrx_word' id='word_1_154' title='bbox 917 2410 1061 2450; x_wconf 86' lang='lat' dir='ltr'><strong>XLIII.</strong></span> 
     </span>
    </p>

    <p class='ocr_par' dir='ltr' id='par_1_12' title="bbox 319 2483 1668 2784">
     <span class='ocr_line' id='line_1_28' title="bbox 378 2483 1653 2546; baseline 0.002 -16"><span class='ocrx_word' id='word_1_155' title='bbox 378 2491 483 2531; x_wconf 89' lang='lat' dir='ltr'><strong>Ibid.</strong></span> <span class='ocrx_word' id='word_1_156' title='bbox 514 2506 553 2546; x_wconf 90' lang='lat' dir='ltr'><em>p.</em></span> <span class='ocrx_word' id='word_1_157' title='bbox 587 2489 677 2530; x_wconf 91' lang='lat'><strong>156.</strong></span> <span class='ocrx_word' id='word_1_158' title='bbox 706 2489 747 2529; x_wconf 91' lang='lat' dir='ltr'><em>d.</em></span> <span class='ocrx_word' id='word_1_159' title='bbox 805 2484 967 2541; x_wconf 77' lang='grc' dir='ltr'><em>ἔμαθον</em></span> <span class='ocrx_word' id='word_1_160' title='bbox 1004 2484 1043 2527; x_wconf 77' lang='grc' dir='ltr'><em>δ’</em></span> <span class='ocrx_word' id='word_1_161' title='bbox 1068 2483 1200 2542; x_wconf 73' lang='grc' dir='ltr'><em>αὐτήν</em></span> <span class='ocrx_word' id='word_1_162' title='bbox 1235 2483 1317 2541; x_wconf 72' lang='grc' dir='ltr'><em>ἐγώ</em></span> <span class='ocrx_word' id='word_1_163' title='bbox 1350 2486 1437 2529; x_wconf 76' lang='grc' dir='ltr'><em>ἐκεῖ</em></span> <span class='ocrx_word' id='word_1_164' title='bbox 1460 2486 1529 2529; x_wconf 74' lang='grc' dir='ltr'><em>ἐπὶ</em></span> <span class='ocrx_word' id='word_1_165' title='bbox 1555 2493 1653 2544; x_wconf 61' lang='lat' dir='ltr'><em>§pd-</em></span> 
     </span>
     <span class='ocr_line' id='line_1_29' title="bbox 320 2565 1668 2622; baseline -0.003 -11"><span class='ocrx_word' id='word_1_166' title='bbox 320 2569 425 2618; x_wconf 79' lang='grc' dir='ltr'><em>τείας</em></span> <span class='ocrx_word' id='word_1_167' title='bbox 456 2570 715 2610; x_wconf 76' lang='lat' dir='ltr'><strong>Athenienses</strong></span> <span class='ocrx_word' id='word_1_168' title='bbox 751 2568 940 2609; x_wconf 85' lang='lat' dir='ltr'><strong>dicebant</strong></span> <span class='ocrx_word' id='word_1_169' title='bbox 976 2565 1044 2609; x_wconf 74' lang='grc' dir='ltr'><em>ἐπὶ</em></span> <span class='ocrx_word' id='word_1_170' title='bbox 1074 2568 1237 2622; x_wconf 82' lang='grc' dir='ltr'><em>ςρατιᾶς</em></span> <span class='ocrx_word' id='word_1_171' title='bbox 1265 2568 1390 2622; x_wconf 86' lang='lat' dir='ltr'><strong>idque</strong></span> <span class='ocrx_word' id='word_1_172' title='bbox 1419 2568 1532 2607; x_wconf 83' lang='lat' dir='ltr'>Plato</span> <span class='ocrx_word' id='word_1_173' title='bbox 1560 2565 1668 2608; x_wconf 48' lang='lat' dir='ltr'><strong>scri?</strong></span> 
     </span>
     <span class='ocr_line' id='line_1_30' title="bbox 319 2647 1649 2707; baseline -0.003 -17"><span class='ocrx_word' id='word_1_174' title='bbox 319 2652 413 2707; x_wconf 77' lang='lat' dir='ltr'><strong>psit.</strong></span> <span class='ocrx_word' id='word_1_175' title='bbox 443 2650 590 2690; x_wconf 84' lang='lat' dir='ltr'><strong>Eadem</strong></span> <span class='ocrx_word' id='word_1_176' title='bbox 614 2649 814 2689; x_wconf 77' lang='lat' dir='ltr'><em>medicina</em></span> <span class='ocrx_word' id='word_1_177' title='bbox 834 2648 1039 2688; x_wconf 82' lang='lat' dir='ltr'><strong>sanandus</strong></span> <span class='ocrx_word' id='word_1_178' title='bbox 1057 2648 1171 2687; x_wconf 87' lang='lat' dir='ltr'><strong>locus</strong></span> <span class='ocrx_word' id='word_1_179' title='bbox 1191 2648 1234 2686; x_wconf 86' lang='lat' dir='ltr'><em>in</em></span> <span class='ocrx_word' id='word_1_180' title='bbox 1251 2648 1488 2702; x_wconf 85' lang='lat' dir='ltr'><strong>Sympos.·p.</strong></span> <span class='ocrx_word' id='word_1_181' title='bbox 1502 2647 1649 2690; x_wconf 40' lang='lat' dir='ltr'><strong>220..c.</strong></span> 
     </span>
     <span class='ocr_line' id='line_1_31' title="bbox 320 2721 1515 2784; baseline -0.003 -15"><span class='ocrx_word' id='word_1_182' title='bbox 320 2732 377 2771; x_wconf 81' lang='lat' dir='ltr'><em>Cs.</em></span> <span class='ocrx_word' id='word_1_183' title='bbox 404 2729 609 2784; x_wconf 82' lang='lat' dir='ltr'><strong>Aristoph.</strong></span> <span class='ocrx_word' id='word_1_184' title='bbox 641 2730 754 2783; x_wconf 84' lang='lat' dir='ltr'><strong>Vesp.</strong></span> <span class='ocrx_word' id='word_1_185' title='bbox 783 2728 875 2768; x_wconf 87' lang='lat'><strong>354.</strong></span> <span class='ocrx_word' id='word_1_186' title='bbox 905 2735 943 2767; x_wconf 86' lang='lat' dir='ltr'><em>et</em></span> <span class='ocrx_word' id='word_1_187' title='bbox 973 2728 1065 2768; x_wconf 89' lang='lat'><strong>557.</strong></span> <span class='ocrx_word' id='word_1_188' title='bbox 1121 2728 1284 2781; x_wconf 76' lang='lat' dir='ltr'><em>Lysistr.</em></span> <span class='ocrx_word' id='word_1_189' title='bbox 1313 2726 1402 2766; x_wconf 88' lang='grc'><strong>100.</strong></span> <span class='ocrx_word' id='word_1_190' title='bbox 1513 2721 1515 2723; x_wconf 55' lang='grc'><strong>’</strong></span> 
     </span>
    </p>
   </div>
  </div>
 </body>
</html>
