1894 3371
837 328 1069 369 ...34-

287 451 420 493 ταῦτα
448 449 717 492 δαπανᾶσθαι
745 445 883 504 κρύφα
910 449 977 491 καὶ
1004 447 1291 506 προειςφέρειν,
1307 449 1353 492 ἐν
1378 443 1437 499 οἷς
1463 443 1616 491 ἐκινδύ-

289 544 373 569 νευε
409 523 532 579 μόνος
568 525 673 582 ὑπὲρ
712 523 877 569 πάντων
919 525 1009 568 οὐδ’
1045 524 1211 569 εἰδότων
1250 526 1304 569 τά
1340 524 1616 583 πραττόμενα,

286 605 485 664 ᾑρεῖτο.

342 688 438 727 Voe.
475 682 659 742 πράξεων
685 695 744 728 est
774 688 1099 729 additamentum
1129 701 1153 728 a
1180 687 1407 741 magistello
1435 688 1617 743 expliea-

288 766 414 805 tionis
442 780 562 806 causa
590 766 642 806 ad
669 767 754 808 τῶν
782 767 920 809 καλῶν
947 769 1157 808 insertum.
1194 766 1453 822 Ejiciendum
1475 768 1617 822 igitur,

290 843 533 884 Plutarchus
571 844 683 884 enim
719 845 880 899 scripsit
915 845 999 886 τῶν
1033 844 1168 885 καλῶν
1177 858 1191 893 ,·
1229 845 1616 900 conseratur-supra

291 923 386 978 Cap.
428 924 461 963 I.
503 924 610 965 med.
663 921 729 965 Οὔ
763 921 841 978 γάρ
877 921 994 966 ἰδίων
1030 920 1178 981 ἀπορίᾳ
1213 923 1350 965 καλῶν
1384 923 1615 979 ἐξαρτῶσιν.

291 1002 385 1057 Cap.
417 1003 465 1042 X.
496 1004 589 1042 init.
626 998 684 1051 οἷς
717 999 879 1051 ου’δενδς
913 1004 1041 1044 ἄλλου
1075 1002 1159 1045 τῶν
1193 1003 1329 1045 καλῶν
1352 998 1534 1059 ἐραστής.
1564 1027 1617 1032 -

288 1080 441 1120 Deinde
459 1081 745 1135 corrigendum
761 1076 1105 1132 Ἐπαμεινώνδαν.
1117 1106 1172 1113 —-
1182 1083 1284 1122 Tum
1300 1082 1467 1123 verbum
1480 1078 1618 1140 ᾑρεῖτο

289 1159 540 1213 ejiciendum
558 1159 662 1201 mihi
682 1160 860 1210 videtur3
882 1160 1062 1215 primum
1080 1161 1178 1215 quia
1197 1161 1383 1215 ineptum
1401 1169 1478 1211 est5
1498 1175 1619 1201 num·

289 1252 390 1279 nam
414 1235 578 1295 ᾖρεῒτος
606 1235 698 1279 ἀντὶ
724 1236 851 1287 τίνοςς
880 1239 1026 1279 deinde
1054 1253 1156 1278 num
1184 1245 1289 1279 recte
1311 1238 1503 1278 hocloco
1522 1231 1620 1286 ὗςτε

291 1331 384 1357 cum
408 1317 638 1357 Indicativo
660 1317 936 1357 construitur?
961 1317 1062 1357 Vide
1079 1317 1268 1372 Krueger.
1286 1317 1469 1373 Xenoph.
1487 1316 1618 1357 Anah.

291 1396 385 1450 Pag.
409 1395 510 1443 540,
549 1395 621 1436 ubi
647 1388 765 1446 ὥςτε,
799 1396 957 1451 inquit,
987 1410 1080 1436 cum
1109 1396 1323 1436 Infinitive
1350 1399 1618 1444 construitur,

290 1474 362 1515 ubi
399 1489 648 1530 praegressae
684 1475 981 1516 enuntiationis
1026 1475 1239 1529 singulum
1275 1474 1519 1516 vocabulum
1557 1476 1619 1516 vel

290 1568 396 1608 quae
426 1567 477 1593 ex
505 1553 582 1593 illa
606 1553 807 1594 elicienda
826 1561 884 1594 est
902 1568 980 1594 vox
1001 1545 1132 1601 οὕτως
1148 1560 1352 1608 spectatur
1374 1568 1462 1593 non
1487 1554 1620 1593 solum

290 1633 332 1687 a)
361 1633 433 1671 ubi
463 1634 728 1687 consequutio
757 1640 919 1672 tantum
947 1634 994 1672 in
1022 1633 1267 1687 cogitatione
1287 1634 1418 1687 posita
1442 1641 1519 1680 est,
1553 1634 1618 1673 sed

291 1714 412 1753 etiam
447 1713 488 1767 b)
515 1713 565 1754 de
601 1727 643 1753 re
677 1714 724 1753 in
757 1713 864 1753 sacto
898 1713 1063 1768 posita.‘
1116 1712 1232 1763 Quod
1263 1713 1403 1753 multis
1428 1713 1621 1768 exemplis

292 1790 510 1831 confirmat
549 1806 653 1847 quae
696 1791 982 1839 conserantur,
1024 1799 1148 1847 atque
1195 1791 1278 1831 alia
1319 1792 1365 1831 in
1405 1792 1494 1846 huj.
1539 1792 1620 1832 Vit.

293 1872 388 1925 Cap.
425 1871 501 1910 III.
540 1871 632 1910 init.
689 1871 784 1925 Cap.
822 1870 912 1910 VII.
951 1871 1043 1910 init.
1105 1870 1199 1925 Cap.
1230 1872 1296 1910 IX.
1326 1871 1419 1911 init.
1452 1879 1490 1911 et
1517 1871 1622 1911 med.

294 1950 390 2004 Cap.
414 1950 552 1989 XXIX.
575 1950 667 1989 init.
724 1950 803 1988 Vit.
827 1950 979 1990 Anton.
1003 1949 1097 2003 Cap.
1112 1949 1182 1988 VI.
1196 1949 1288 1989 init.
1318 1948 1412 2004 Cap.
1429 1949 1532 1989 XIV.
1548 1949 1620 1989 fin.

294 2028 473 2069 Verbum
500 2028 610 2069 istud
638 2036 773 2069 ortum
801 2027 960 2069 videtur
989 2042 1069 2068 esse
1098 2042 1149 2069 ex
1177 2042 1298 2083 prava
1328 2027 1501 2068 lectione
1529 2028 1622 2068 vu'l-

293 2116 410 2162 gata:
447 2104 499 2148 ‘O
524 2104 574 2148 δὲ
598 2099 724 2163 (οὕτω
751 2105 830 2161 γοῖρ
857 2104 1007 2161 ἐπῆρτο
1019 2135 1223 2146 ........
1258 2102 1307 2148 vd
1334 2104 1473 2161 καλᾶν)
1504 2104 1624 2156 αὐτός

293 2185 348 2236 εἷς
371 2186 504 2229 ταῦτα
530 2182 612 2229 κτέ.
668 2187 733 2227 Sic
758 2186 868 2227 enim
895 2183 945 2227 Ὁ
972 2182 1021 2226 δὲ
1049 2186 1325 2241 praedicatum
1351 2185 1523 2241 flagitat.

354 2343 417 2383 15.
478 2340 552 2391 Τίς
577 2339 666 2396 γάρ
694 2340 768 2384 οὐκ
798 2338 850 2383 ἂν
877 2339 1104 2395 θαυμάσειε
1132 2341 1199 2383 καὶ
1226 2341 1541 2396 συναγωνίσαιτο
1567 2340 1625 2386 ἔτι

294 2422 369 2463 νῦν
403 2422 460 2480 τῇ
490 2419 783 2480 μεγαλοψυχίᾳ
817 2423 893 2463 τοῦ
929 2417 1098 2476 α’νδρός,
1134 2417 1367 2474 ω’νουμένου
1400 2419 1626 2478 χρημάτων

293 2495 500 2543 τοσούτων
526 2499 710 2543 κίνδυνον
735 2501 971 2557 τηλικοῦτον
997 2499 1065 2542 καὶ
1095 2498 1149 2541 τοὶ
1175 2496 1400 2554 τιμιώτατα
1428 2501 1626 2544 δοκοῦντα

294 2581 379 2621 τῶν
407 2575 625 2636 κτημάτων
650 2577 938 2631 ὖποτιθέντος,
963 2573 1076 2630 ὅπως
1101 2579 1392 2636 παρεισαχθεὶς
1411 2579 1552 2630 νυκτός
1572 2581 1628 2631 εἷς

295 2655 392 2708 τούς
415 2660 632 2713 πολεμίους
653 2657 1026 2715 διαγωνίσηται
1054 2658 1143 2715 περὶ
1168 2659 1243 2714 τῆς
1267 2659 1413 2714 ψυχῆς
1436 2655 1628 2713 ἐνέχυρον

300 2735 438 2796 λαβών
458 2737 533 2796 τήν
552 2736 699 2781 ἐλπίδα
716 2741 791 2782 τοῦ
806 2740 936 2781 καλοῦ
961 2738 1072 2795 παρ’
1100 2737 1281 2790 αὐτῶν,
1308 2733 1409 2781 ἄλλο
1426 2737 1465 2779 δ’
1483 2736 1626 2789 οὖδένς
