1894 3371
842 317 1078 360 -20-

289 442 467 494 γραφαῖς
494 439 560 480 καὶ
586 437 743 488 πίναξιν
771 436 856 481 dno*
881 437 956 495 τῆς
981 436 1199 491 Ἑλλάδος,
1219 436 1264 482 ἓν
1289 433 1348 491 οἷς
1371 437 1496 497 κρίσιν
1513 437 1623 494 ἔχων

292 516 367 559 οὐκ
392 521 579 570 ἄμουσονΙ
601 517 626 559 ὅ
643 514 908 574 manente!
917 533 968 571 gu
994 519 1086 561 τῶν
1104 522 1296 573 τεχνικῶν
1322 519 1390 563 καὶ
1416 520 1624 576 περιττῶν,

288 593 470 649 μάλιστα
518 594 566 638 δὲ
610 597 841 652 Παμφᾶου
884 596 953 639 καὶ
1001 595 1283 640 Μελάνθου
1328 594 1516 654 συνάγων
1554 596 1622 639 καὶ

288 670 489 729 κτώμενος
516 671 766 718 ἀπέστελλεν.

344 759 521 809 γραφαῖς
540 754 609 796 καὶ
632 753 791 805 πίναξιν
819 772 892 812 pro
914 759 1088 812 γραφαῖς
1104 756 1151 798 ἓν
1168 755 1302 806 πίναξι
1319 753 1621 813 γεγραμμέναις

290 835 452 875 Dictum
473 843 533 876 est
553 836 674 876 solito
695 848 805 876 more
826 834 871 877 ἓν
883 832 955 876 aad
972 834 1109 885 δυοῖν,
1126 843 1171 877 ut
1185 836 1281 891 Cap.
1302 850 1381 892 seq.
1391 835 1495 877 med.
1508 828 1622 890 ἅρμα

291 910 369 952 καὶ
385 909 498 966 νίκην
512 928 585 967 pro
601 906 715 967 ἅρμα
735 908 964 968 νικηφόρον,
986 913 1096 968 quod
1113 912 1266 952 ibidem
1284 913 1427 967 paullo
1441 913 1621 967 superius

291 991 453 1045 legitur.
500 992 549 1031 Id
580 993 749 1040 monui,
774 992 873 1046 quia
899 991 1129 1033 Schaeferus
1158 991 1335 1047 explicat
1353 982 1494 1045 γραφή
1511 995 1621 1029 unius

279 1072 440 1120 figurae
455 1065 577 1116 πίναξ
587 1073 775 1119 plurium.
787 1090 839 1099 —
861 1070 937 1108 Pro
949 1065 1185 1109 Μελάνθου
1207 1069 1499 1108 restituendum
1516 1068 1623 1108 vide-

291 1153 359 1185 tur
377 1142 625 1186 Μελανθίου
646 1153 693 1186 ut
707 1153 745 1186 et
760 1146 867 1186 infra
887 1147 933 1185 in
951 1145 1045 1200 Cap.
1054 1146 1167 1186 XIII.
1186 1146 1279 1185 init.
1307 1146 1410 1185 Nam
1428 1146 1621 1200 Diogenes

293 1223 474 1262 Laertius
502 1224 549 1262 in
575 1223 650 1263 lib.
675 1223 743 1271 IV,
771 1222 835 1264 18.
887 1223 1045 1263 Plinius
1072 1223 1169 1263 nist.
1198 1223 1287 1262 Nat.
1315 1222 1465 1271 XXXV,
1482 1223 1521 1269 7,
1554 1222 1619 1262 10.

294 1315 341 1340 ac
369 1301 548 1348 XXXVI,
583 1300 619 1341 1.
644 1308 684 1341 et
716 1301 1019 1351 Quinctilianus
1047 1301 1147 1340 Inst.
1172 1302 1239 1341 Or.
1261 1301 1351 1348 XII,
1373 1300 1437 1352 10,
1460 1300 1516 1350 6.,
1546 1302 1621 1355 qui

294 1378 344 1417 de
382 1377 521 1417 eodem
553 1378 727 1432 pictore,
755 1378 958 1432 discipulo
989 1378 1193 1433 Pamphili
1223 1386 1264 1418 et
1285 1379 1447 1433 aequali
1466 1378 1622 1433 Apellis

293 1456 541 1497 mentionem
568 1454 746 1504 faciunt,
776 1455 960 1496 scribunt
987 1447 1232 1505 Μελάνθιος
1258 1458 1511 1496 Melanthius.

805 1646 832 1684 C
852 1645 887 1685 A
905 1646 946 1685 P.
1004 1645 1115 1685 XIII.

354 1775 417 1815 19.
472 1767 788 1826 Ἐπιτρέψαντος
832 1765 907 1813 οὖν
939 1758 1022 1813 τοῦ’
1056 1767 1225 1827 Ἀράτου
1268 1769 1565 1827 διήλειψεν
1599 1771 1623 1814 ὁ

296 1849 487 1905 Νέαλκης
509 1846 579 1893 τᾶν
604 1847 882 1905 Ἀρίστρατον,
907 1849 964 1899 εἷς
989 1847 1038 1891 δὲ
1064 1846 1138 1906 τήν
1154 1845 1297 1906 χώραν
1319 1848 1479 1905 φοίνικα
1499 1846 1626 1904 μόνον

298 1927 535 1987 ἐνέγραψεν,
569 1930 671 1970 ἄλλο
702 1924 741 1969 δ’
767 1924 887 1969 οὐδὲν
913 1923 1114 1983 ἐτόλμησε
1140 1930 1403 1984 παραβαλεῖν.
1442 1926 1554 1978 Του“ς
1576 1927 1626 1970 δὲ

300 2006 433 2059 πόδας
458 2005 769 2062 ἐξαλειφομένου
798 2010 873 2049 τοῦ
897 2003 1156 2064 Ἀριστράτου
1184 2008 1411 2050 διαλαθεῖν.

357 2090 434 2129 Pro
462 2084 668 2144 διήλειψεν
694 2087 990 2127 restituendum
1008 2088 1118 2143 quod
1136 2087 1206 2127 hic
1223 2089 1442 2143 requiritur
1459 2088 1626 2129 verbum

300 2163 531 2223 ἐξήλειψεν,
560 2182 686 2223 quam
721 2161 1013 2207 correctionem
1046 2167 1158 2222 quod
1187 2181 1285 2207 mox
1312 2169 1492 2223 sequitur
1518 2167 1626 2209 verb.

301 2242 613 2301 ἐξαλειφομένου
640 2247 820 2286 maxime
849 2246 1107 2287 commendat
1133 2261 1181 2286 ac
1207 2246 1435 2287 confirmat.
1465 2248 1628 2302 Saepius

304 2324 346 2366 δι
383 2332 422 2364 et
460 2323 502 2372 εξ
541 2323 594 2362 ob
632 2337 828 2378 perquam
866 2324 1040 2363 similem
1074 2325 1315 2379 scripturam
1342 2325 1388 2364 in
1414 2325 1628 2366 Codicibus

303 2417 414 2459 perm
420 2409 599 2443 utantur.

359 2561 427 2602 23.
475 2560 552 2601 Ἐκ
577 2573 620 2602 τε
642 2556 699 2616 δὴ
725 2553 882 2602 τούτων
903 2557 927 2602 o‘
940 2560 1127 2616 Ἀρατος
1143 2557 1330 2616 ἠγαπᾶτο
1360 2559 1428 2601 καὶ
1453 2558 1482 2601 δ
1487 2558 1540 2601 ιδ
1548 2556 1630 2609 οὓς

302 2642 484 2695 πεῖραν
499 2636 568 2680 ’ἔτι
595 2639 755 2690 μᾶλλον
781 2631 921 2693 ἥψατο
945 2640 1023 2681 τοῦ
1037 2636 1235 2691 βασιλέως
1251 2637 1319 2679 καὶ
1335 2635 1493 2694 δωρειὶν
1508 2634 1629 2692 ἔλαβε

300 2720 359 2777 τῇ
385 2714 497 2760 πόλει
524 2711 770 2773 πεντήκοντα
796 2716 865 2759 καὶ
891 2714 1034 2759 ἓκατὸν
1060 2713 1253 2759 τάλαντα.
