1894 3371
886 326 1122 367 ..44-

838 474 866 518 c
886 476 921 519 Α
940 478 983 520 P.
1012 460 1014 462 ’
1040 478 1177 519 xxvl.

399 613 436 650 5.
491 605 586 657 τούς
613 604 650 650 δ’
675 603 851 658 οἰκέτας,
886 604 1005 649 ὁπότε
1038 604 1339 663 δειπνήσαι,
1371 605 1541 663 τάχιστα
1567 604 1668 651 ποίν-

342 702 415 737 τας
440 681 665 736 ἐξελαύνων

400 767 691 822 Corrigendum
720 768 945 808 secundum
973 768 1073 808 duos
1103 767 1265 809 Codices
1294 768 1339 808 1).
1358 767 1400 808 C.
1430 763 1669 823 δειπνήσειε,

342 846 455 902 quod
482 854 541 886 est
566 846 761 886 Atticum.

400 1004 439 1043 7.
496 999 619 1051 αὐτᾶς
650 999 704 1050 εἷς
738 1000 889 1058 οἴκημα
922 998 1133 1045 κατεδύετο
1159 998 1300 1058 μικρὸν
1325 999 1507 1060 ὑπερῷον
1533 997 1670 1060 θύρα

342 1080 603 1137 καταρρακτῇ
628 1074 863 1131 κλειόμενον.

397 1158 655 1213 Ejiciendum
691 1172 778 1198 voc.
805 1152 941 1215 θύρᾳ,
978 1158 1090 1213 quod
1120 1173 1143 1198 a
1172 1158 1400 1212 magistello
1428 1158 1671 1214 explicatio-

343 1237 409 1276 nis
445 1251 566 1276 causa
595 1237 772 1290 margini
803 1235 1051 1290 adscriptum
1078 1237 1125 1276 in
1153 1243 1310 1276 textum
1339 1237 1536 1291 irrepsisse
1565 1236 1669 1276 ‘vide-

343 1322 421 1354 tur.
469 1314 708 1354 conseratur
736 1315 846 1353 enim
874 1313 963 1369 huj.
989 1314 1082 1369 Cap.
1102 1313 1177 1356 fin.
1203 1312 1270 1356 καὶ
1286 1310 1381 1363 τούς
1397 1307 1671 1368 καταρράκτας

341 1388 684 1447 προβαλλομένων
719 1388 824 1446 ὑπὲρ
855 1392 929 1445 τῆς
953 1392 1030 1432 τοῦ
1055 1388 1246 1444 σώματος
1270 1389 1495 1446 ἀσφαλείας
1520 1401 1559 1433 et
1589 1394 1668 1433 Vit.

341 1472 513 1511 Antonii
548 1470 643 1526 Cap.
672 1470 740 1511 76.
770 1471 862 1511 init.
897 1467 967 1511 καὶ
991 1464 1086 1518 τούς
1114 1465 1389 1526 καταρράκτας
1416 1468 1549 1526 α’φῆκε
1572 1469 1670 1512 κλεί-

342 1551 459 1605 θροις
479 1548 546 1590 καὶ
567 1551 740 1602 μοχλοῖς
761 1546 974 1605 καρτερούς
998 1551 1125 1598 ὄντας·

841 1742 868 1781 C
888 1742 922 1781 A
941 1742 983 1781 P.
1041 1743 1177 1782 XXIX.

400 1866 436 1907 1.
492 1862 638 1924 Ὀλίγῳ
665 1864 704 1907 δ’
725 1859 876 1931 Suo*
891 1898 1067 1907 .......
1102 1869 1294 1923 ἤθροισεν
1319 1867 1365 1909 ἐκ
1390 1863 1668 1923 παραγγέλμα-

340 1958 408 1993 τος
436 1943 730 1999 στρατείαν.

398 2024 692 2079 corrigendum
721 2026 931 2079 στρατιάν,
960 2040 1064 2080 quae
1090 2033 1147 2066 est
1175 2025 1295 2065 lectio
1321 2026 1508 2080 Vulgata.

395 2173 462 2213 30.
519 2168 688 2220 ἐκτάξας
714 2170 762 2212 δὲ
788 2170 862 2226 τήν
890 2167 1063 2223 δύναμιν
1089 2170 1156 2213 καὶ
1172 2169 1219 2213 τό
1236 2167 1434 2227 σύνθημα
1451 2167 1669 2227 παρεγγυή-

340 2265 415 2300 σας
448 2249 517 2292 καὶ
552 2246 784 2304 πυθόμενος
816 2253 900 2293 τῶν
933 2246 1250 2305 ὑποστρατίγων
1277 2251 1344 2292 καὶ
1371 2252 1583 2305 λοχαγαῖν,
1608 2246 1671 2306 μή

340 2345 400 2378 τις
433 2328 562 2371 αὐτοῦ
595 2327 710 2383 χρεία
738 2324 934 2384 παρόντος
969 2330 1215 2384 (βεβλῆσθαι
1241 2326 1319 2383 γάρ
1345 2327 1441 2377 τούς
1466 2327 1669 2384 ἀστραγά-

339 2411 474 2463 λους),
499 2405 717 2464 ἀπέρχοιτο
745 2402 1036 2462 καραδοκήσων
1053 2403 1268 2462 πόρρωθεν
1283 2404 1331 2449 w*
1347 2403 1667 2463 συμβησόμενον.

394 2489 600 2529 Sententia
637 2488 875 2528 intermedia
909 2486 1139 2540 βεβλῆσθαι
1166 2483 1243 2540 γαρ
1270 2482 1364 2535 τούς
1391 2482 1669 2542 ἀστραγάλους

340 2577 423 2609 tam
461 2568 635 2609 absurda
672 2575 748 2615 est,
787 2574 994 2622 tantopere
1033 2567 1335 2621 Interpolatoris
1363 2581 1532 2607 manum
1561 2567 1665 2614 olet,

338 2655 386 2687 ut
413 2647 533 2686 mirer
560 2661 687 2702 usque
712 2645 847 2686 adhuc
868 2653 1065 2701 receptam
1087 2659 1177 2686 esse.
1226 2645 1424 2700 Equidem
1448 2645 1668 2686 Plutarcho

338 2727 542 2781 abjudi00.
600 2727 676 2775 Qui
715 2726 824 2766 enim
863 2726 998 2780 potuit
1027 2725 1171 2764 Aratus
1200 2733 1369 2778 utroque
1396 2725 1495 2779 pede
1521 2725 1667 2764 vulne-
