1894 3371
828 324 1056 365 „12-

273 442 419 495 τικός.
474 443 642 495 Αὐτός
676 443 753 498 μὲν
781 442 854 486 οὖν
882 444 956 488 ουἰι
979 449 1135 504 ᾔσθετο
1169 445 1262 502 τήν
1294 444 1500 503 ἔφοδον,
1526 444 1603 490 εἴτε

275 521 392 577 φύσει
431 521 572 577 νωθής
610 517 688 573 ὢν,
724 520 798 565 εἴτε
836 520 935 576 μεθ’
970 521 1127 578 ἡμέραν
1164 522 1390 575 κατάκοπος
1424 521 1602 581 γεγονώς.

278 603 375 644 Τιῦν
408 599 455 642 δὲ
493 602 569 643 τοῦ
609 602 819 657 κηπουροῦ
854 600 1051 658 κυναρίων
1083 597 1271 644 κάτωθεν
1299 601 1603 657 ἐκκαλουμένων

272 677 395 721 αὐτόν
418 677 712 734 ὑπεφθέγγετο.
980 728 986 733 ‚

326 744 522 799 Primum·
544 755 815 800 articulus-td
842 761 949 800 inter
979 756 1087 801 πολΰ
1114 767 1153 800 et
1186 752 1394 814 διάστημα
1430 760 1600 799 interse-

269 839 418 879 rendus
446 848 514 879 est.
578 840 730 880 Deinde
758 839 1015 894 praeferenda
1046 839 1167 879 lectio
1202 838 1379 896 Vulgata
1411 840 1600 894 θηρευτι-

270 912 339 967 κός
348 932 362 967 ;
388 932 487 959 nam
511 918 740 959 conferatur
763 918 884 959 etiam
916 918 1051 958 Moral.
1080 918 1174 973 Pag.
1202 918 1277 966 52,
1306 918 1349 957 Β.
1406 919 1504 958 Tum
1525 933 1599 974 pro

269 1012 354 1037 voc.
390 995 532 1046 Λῦτός
557 998 775 1051 legendum
811 1012 890 1038 esse
922 999 1098 1052 conjicio
1134 989 1268 1045 Οὗτος
1276 1013 1294 1045 ,·
1315 998 1459 1038 diversi
1487 999 1599 1037 enim

268 1075 417 1115 adsunt
437 1089 572 1123 canes,
602 1076 676 1131 qui
700 1075 799 1116 huic
821 1084 1090 1131 opponuntur
1117 1076 1200 1116 τῶν
1225 1074 1273 1115 δὲ
1293 1075 1369 1116 τοῦ
1391 1075 1600 1129 κηπουροῦ

267 1154 480 1211 κυναρίων.
536 1157 738 1195 Postremo
774 1155 1059 1209 corrigendum
1079 1155 1167 1208 -τῆς
1199 1149 1368 1208 ἐφόδου.
1424 1149 1598 1196 Αἶσθοί-

267 1235 412 1276 νεσθαι
439 1234 550 1276 enim
585 1249 677 1275 cum
704 1234 890 1275 Genitivo
920 1234 1189 1283 construitur,
1220 1234 1251 1274 si
1278 1234 1371 1289 quis
1395 1233 1496 1290 quid
1525 1247 1597 1273 suo

266 1329 385 1354 sensu
408 1315 556 1353 directe
580 1315 774 1368 percipit;
806 1313 1035 1352 conseratur
1060 1315 1105 1352 in
1136 1313 1229 1352 Fab.
1259 1314 1363 1353 Max.
1386 1314 1480 1367 Pag.
1504 1314 1595 1360 182,

264 1393 306 1431 C.
364 1387 435 1432 τὸν
460 1388 538 1443 μὲν
559 1387 633 1432 οὐκ
656 1386 954 1442 αἰσθανόμενον
972 1391 1045 1445 τῆς
1064 1386 1288 1444 δυνάμεως,
1303 1387 1375 1433 τόν
1396 1389 1434 1432 δ’
1448 1390 1596 1433 αἰσθα·

263 1465 429 1522 νόμενον
462 1470 536 1524 τῆς
569 1467 658 1524 περὶ
689 1465 814 1510 αὐτόν
836 1466 1072 1519 α’σθενειάς,
1113 1471 1158 1510 in
1199 1471 1368 1512 Demetr.
1409 1472 1503 1527 Cap.
1526 1472 1593 1519 38,

264 1549 358 1589 init.
416 1544 487 1589 τὸν
513 1543 651 1602 ῖατρδν
671 1543 901 1588 αἰσθέσθαι
924 1546 1096 1602 ἐρῶντος
1118 1544 1265 1599 αὐτοῦς
1298 1565 1391 1590 cum
1425 1551 1596 1591 Accusa-

263 1611 346 1668 tibo
370 1635 524 1678 autem,
554 1628 586 1666 si
615 1642 663 1666 ex
692 1627 774 1666 alio
803 1627 939 1678 audit3
972 1628 1390 1670 conferaturfflemetr.
1410 1629 1505 1685 Cap.
1526 1630 1594 1680 23,

262 1707 335 1747 fin.
392 1702 569 1758 ἀδελφόν
598 1702 728 1747 αὐτοῦ
748 1706 956 1747 Φίλιππον
994 1700 1240 1758 αἰσθόμενος
1272 1703 1374 1747 ποθ’
1405 1704 1429 1748 o‘
1459 1703 1594 1762 πατήρ

261 1781 536 1835 καταλύοντα,
578 1785 679 1825 ibid.
709 1786 803 1840 Cap.
839 1786 893 1826 32
927 1786 1019 1825 init.
1077 1781 1340 1837 Αἶσθόμενος
1369 1783 1417 1827 δὲ
1445 1787 1592 1836 τοῦτο,

261 1865 362 1905 ibid.
389 1865 486 1921 Cap·
519 1865 572 1905 53
608 1865 701 1905 init.
774 1861 830 1912 οἷς
852 1865 1011 1922 ᾔσθετο
1038 1863 1090 1905 τοὶ
1121 1861 1295 1916 λείψανα
1325 1860 1590 1917 κομιζοζιιενας

261 1952 332 1984 aut
360 1946 392 1984 si
421 1945 513 2000 quis
544 1959 595 1984 ex
622 1945 690 1992 iis,
717 1958 822 1999 quae
854 1945 938 1999 ipse
965 1945 1156 1999 percipit,
1189 1945 1279 1983 visis
1302 1944 1463 1999 aliquid
1496 1958 1590 1984 con-

255 2024 415 2078 jectura
445 2023 629 2077 colligit,
663 2023 803 2077 itaque
830 2023 1027 2062 indirecte
1055 2023 1195 2069 sentit,
1225 2023 1458 2077 conferatur⁴
1480 2023 1590 2064 Am,

259 2104 355 2159 Cap.
377 2104 444 2143 XX
452 2136 463 2155 ,,
477 2103 551 2142 fin.
607 2095 870 2154 Αἷσθόμενος
889 2098 937 2142 δὲ
952 2097 1028 2156 τήν
1048 2095 1209 2155 α’ποίτην
1226 2098 1294 2142 καὶ
1309 2097 1379 2143 τόν
1395 2098 1590 2143 κίνδυνον.

317 2288 380 2329 10.
435 2286 486 2328 Ὁ
523 2283 572 2327 δ’·
595 2281 688 2329 ἀ’πὸ
721 2288 797 2328 τοῦ
828 2281 983 2342 πύργου
1019 2283 1135 2344 αὐτῷ
1172 2280 1426 2340 ἀντεφώνησε
1459 2283 1589 2341 μηδὲν

256 2363 357 2409 εἶναι
384 2361 533 2416 δεινόν,

311 2447 487 2487 Sintenis
519 2445 705 2485 adnotat:
746 2441 852 2495 ,α’πὸ
885 2444 962 2485 τοῦ
995 2440 1150 2498 πύργου
1188 2441 1301 2501 αὐτῷ
1331 2438 1588 2498 ἀντεφώνησε

253 2525 355 2564 dant
381 2524 505 2563 codd.
528 2524 592 2578 Sg.
619 2523 664 2562 A.
692 2523 732 2562 Β.
752 2523 798 2562 D.
820 2523 860 2562 C.
882 2524 950 2573 V;;
986 2518 1071 2562 α’πό
1097 2524 1172 2563 τοῦ
1195 2516 1349 2578 πύργου
1374 2514 1498 2563 αιῖτὸν
1519 2519 1586 2561 α’ν-

253 2597 456 2656 τεφώνησε
468 2603 663 2657 Vulgata3
693 2598 777 2642 α’πό
798 2601 874 2642 τοῦ
891 2597 1048 2656 πύργου
1069 2598 1168 2655 πρός
1189 2598 1313 2642 αὐτόν
1329 2595 1587 2655 ἀντεφώνησε

253 2680 481 2735 corrigebat
522 2680 767 2735 Stephanus,
810 2681 919 2735 quod
958 2677 1080 2719 flde‘m
1113 2680 1284 2719 excedit.
1352 2680 1424 2719 Sed
1462 2680 1584 2718 etiam

253 2760 451 2803 librorum
480 2762 720 2816 scripturam
747 2761 833 2801 vitii
857 2760 1066 2800 convincit
1091 2759 1244 2815 duplex
1269 2757 1403 2800 hiatus
1423 2772 1581 2815 prorsus
