1894 3371
840 312 1073 356 —AEoss

291 434 575 490 Imperfectum
603 428 803 485 ἀπέφαινε
828 433 875 472 in
904 440 1060 473 textum
1090 432 1295 487 recepisse.
1350 432 1475 487 Supra
1505 432 1615 471 enim

289 513 380 566 huj.
409 513 505 565 cap.
533 512 626 551 init.
656 511 830 564 legimus
858 509 943 550 ἐκεῖ
962 506 1010 549 δὲ
1032 505 1156 550 πάλιν
1180 508 1412 551 συνεσκίασε
1434 508 1501 551 καὶ
1521 506 1617 550 cind-

289 598 416 644 κρυψε
444 586 489 645 (ἡ
512 585 677 644 σελήνη)
705 588 840 643 νεφῶν
865 584 1162 629 συνελθόντων.
1216 588 1330 629 Nihil
1353 591 1442 645 jam
1470 587 1617 630 deinde

289 670 509 710 mentionis
530 669 766 709 factumest
789 668 934 709 lunam
955 668 1144 709 relucere.
1201 668 1303 708 Fieri
1325 676 1461 709 autem
1483 667 1619 722 potuit

289 755 337 787 ut
363 746 472 788 brevi
504 755 711 788 momento
740 749 947 789 reluxerit.
1004 749 1134 798 Quare
1163 746 1478 797 restituendum,
1505 746 1616 802 quod

289 841 431 869 omnes
455 826 553 867 libri
576 826 793 879 exhibent,
818 827 1020 867 Aoristum
1038 822 1233 880 α’πέφηνε.
1268 826 1402 881 Atque
1426 826 1484 865 ita
1506 838 1616 864 caco-

289 904 447 958 phonia
475 901 677 958 ἀπέφαινε
701 928 754 937 -
782 902 1006 959 φαινόμενα
1032 906 1215 944 evitatur.
1236 927 1288 933 —
1313 905 1413 943 Tum
1431 898 1460 956 ἢ
1477 896 1621 943 τοσού-

288 995 379 1027 των
400 985 609 1039 perspicue
635 985 736 1025 latet
763 986 809 1026 in
827 986 916 1041 ipso
934 985 1213 1040 Comparativo
1232 975 1592 1025 πολλαπλασιόνων
1603 996 1616 1030 ;

288 1061 361 1100 cur
382 1061 450 1100 hic
468 1062 695 1116 completur
716 1065 988 1118 comparatio,
1019 1064 1069 1102 ad
1091 1063 1236 1117 paullo
1255 1063 1436 1117 superius
1454 1057 1617 1100 πλείονα

287 1155 378 1181 non
410 1141 667 1197 completur?
724 1141 847 1182 Scioli
881 1142 1008 1196 igitur
1034 1141 1357 1181 additamentum
1386 1141 1533 1195 ejicias.
1566 1162 1616 1171 —-

289 1220 494 1260 Postremo
528 1216 766 1272 ἀλαλαγμὸν
790 1215 991 1274 φέρεσθαι
1025 1234 1112 1259 nou
1143 1220 1336 1258 Graecum
1369 1225 1444 1268 est;
1488 1218 1618 1257 corri-

288 1297 471 1351 gendum
496 1311 574 1337 esse
594 1297 767 1336 arbitror
782 1293 995 1350 γενέσθαι,
1023 1312 1149 1352 quam
1168 1293 1490 1336 emendationem
1508 1309 1617 1349 egre·

287 1376 353 1429 gie
382 1374 597 1415 confirmat
624 1375 686 1424 id,
718 1376 829 1431 quod
857 1376 1008 1430 legitur
1026 1375 1209 1431 vineat.
1225 1375 1319 1414 Min.
1340 1375 1435 1428 Pag.
1453 1373 1549 1424 786,
1567 1373 1615 1413 A.

287 1455 523 1508 τηλικοῦτον
554 1451 793 1508 οἷλαλαγμὸν
828 1452 1019 1507 γενέσθαι
1058 1453 1124 1494 καὶ
1157 1453 1349 1494 τοσοῦτον
1378 1449 1526 1506 κίνημα
1545 1452 1617 1504 τῆς

288 1534 480 1587 στρατιᾶς
516 1531 764 1587 ἐπαρθείσης
771 1564 785 1583 ,
825 1526 929 1575 ὥστε
964 1528 1121 1581 πάντας
1146 1530 1325 1574 ἐλπίδων
1350 1528 1523 1583 μεστούς
1548 1529 1617 1571 ἐπὶ

288 1608 358 1651 τὸν
385 1610 570 1652 κίνδυνον
595 1610 773 1666 ὁρμῆσαι
798 1608 895 1660 τούς
920 1607 1128 1666 ἡγεμόνας.

344 1768 413 1808 38.
477 1765 605 1816 Τέλος
641 1766 688 1808 δὲ
723 1767 1014 1822 συνερείσαντες
1048 1769 1244 1818 ἐξωθοῦσι
1278 1766 1371 1817 τούς
1405 1767 1618 1821 πολεμίους

289 1846 357 1887 καὶ
383 1844 675 1902 καθυπέρτεροι
703 1850 776 1902 τῆς
803 1853 926 1902 ἄκρας
952 1842 1057 1903 ἦσαν
1085 1847 1151 1889 καὶ
1179 1844 1443 1902 τὸ-φροὺριον
1469 1843 1517 1888 εἷ
1521 1863 1617 1900 χον

289 1921 445 1979 ἡμέρας
480 1925 560 1979 ἤδη
595 1922 943 1980 διαυγούσης,
979 1929 1001 1967 ὃ
1038 1941 1089 1966 τε
1124 1921 1267 1979 ἥλιος
1305 1922 1466 1973 εὐθύς
1507 1922 1618 1967 ἔπε’-

291 2004 462 2053 λαμπε
497 2004 565 2060 τῷ
601 2000 726 2060 ἔργῳ
763 2003 829 2044 καὶ
865 2007 1000 2057 παρῆν
1034 2005 1078 2045 ἐκ
1114 2005 1318 2052 Σεκυιῦνος
1344 2020 1371 2057 η
1400 2001 1521 2058 λοιπή
1548 2001 1616 2044 δυ’-

291 2093 410 2131 ναμις
436 2081 496 2138 τῷ
521 2074 707 2138 Ἀράτῳ,
735 2078 967 2133 δεχομένων
994 2079 1097 2124 κατά
1124 2078 1256 2130 πύλας
1282 2084 1364 2123 τῶν
1383 2081 1618 2138 Κορινθίων

289 2154 520 2212 προθύμως
546 2159 612 2200 καὶ
639 2157 734 2209 τοῦς
758 2157 990 2213 βασιλικούς
1017 2157 1396 2214 συλλαμβανόντων.

347 2237 413 2277 καὶ
438 2234 486 2279 τό
513 2235 708 2293 φρούριον
732 2234 843 2291 εἶχον
873 2247 1072 2280 vertamus
1104 2240 1223 2279 verba
1254 2240 1401 2281 verbis:
1439 2252 1478 2280 et
1500 2256 1617 2293 prae·

290 2321 430 2357 sidium
459 2319 662 2357 habebant.
721 2319 826 2357 Num
858 2320 1047 2358 habebant
1063 2323 1085 2357 Ρ
1143 2320 1275 2357 Immo
1303 2333 1393 2359 vero
1421 2332 1614 2371 ceperunt.

291 2396 523 2451 Legendum
558 2410 639 2436 esse
666 2397 793 2451 igitur
826 2398 1003 2452 conjicio
1029 2411 1103 2451 pro
1136 2391 1247 2449 εἶχον
1282 2390 1398 2438 εἶλον.
1454 2399 1618 2453 Saepius

292 2476 449 2516 litterae
476 2491 507 2528 χ
543 2484 582 2516 et
618 2477 642 2516 λ
678 2484 1006 2528 commutantur,
1037 2477 1266 2517 conseratur
1294 2476 1509 2532 Hirschigii
1538 2478 1619 2517 Ad-

290 2563 377 2594 not.
407 2555 458 2594 ad
486 2554 691 2611 Aristoph.
712 2556 803 2595 Pac.
825 2570 878 2596 vs.
899 2556 992 2596 214.
1015 2581 1062 2586 -
1081 2556 1246 2597 Deinde
1276 2571 1347 2612 pro
1376 2550 1620 2611 διαυγούσης

291 2634 550 2673 scribendum
590 2635 749 2674 videtur
789 2627 1029 2689 διαυγοίσης.
1099 2635 1226 2675 Verba
1266 2637 1399 2686 enim,
1450 2650 1554 2690 quae
1595 2651 1618 2675 a

291 2711 530 2753 nominibus
556 2713 710 2768 primae
736 2713 1024 2754 declinationis
1049 2714 1092 2753 in
1123 2728 1150 2754 α
1175 2721 1213 2755 ct
1234 2728 1261 2769 η
1282 2714 1524 2755 exeuntibus
1551 2714 1617 2755 de-
