<?xml version="1.0" encoding="UTF-8"?>
<!DOCTYPE html PUBLIC "-//W3C//DTD XHTML 1.0 Transitional//EN"
    "http://www.w3.org/TR/xhtml1/DTD/xhtml1-transitional.dtd">
<html xmlns="http://www.w3.org/1999/xhtml" xml:lang="en" lang="en">
 <head>
  <title>
</title>
<meta http-equiv="Content-Type" content="text/html;charset=utf-8" />
  <meta name='ocr-system' content='tesseract 3.04.00' />
  <meta name='ocr-capabilities' content='ocr_page ocr_carea ocr_par ocr_line ocrx_word'/>
</head>
<body>
  <div class='ocr_page' id='page_1' title='image "4738015_0030.png"; bbox 0 0 1894 3371; ppageno 0'>
   <div class='ocr_carea' id='block_1_1' title="bbox 873 308 1105 349">
    <p class='ocr_par' dir='ltr' id='par_1_1' title="bbox 873 308 1105 349">
     <span class='ocr_line' id='line_1_1' title="bbox 873 308 1105 349; baseline 0.004 -10"><span class='ocrx_word' id='word_1_1' title='bbox 873 308 1105 349; x_wconf 64' lang='grc'>..16-</span> 
     </span>
    </p>
   </div>
   <div class='ocr_carea' id='block_1_2' title="bbox 321 431 1652 953">
    <p class='ocr_par' dir='ltr' id='par_1_2' title="bbox 321 431 1652 953">
     <span class='ocr_line' id='line_1_2' title="bbox 326 431 1649 488; baseline -0.002 -15"><span class='ocrx_word' id='word_1_2' title='bbox 326 441 373 473; x_wconf 88' lang='lat' dir='ltr'><strong>ut</strong></span> <span class='ocrx_word' id='word_1_3' title='bbox 396 433 498 488; x_wconf 86' lang='lat' dir='ltr'><strong>quid</strong></span> <span class='ocrx_word' id='word_1_4' title='bbox 530 433 737 471; x_wconf 76' lang='lat' dir='ltr'><strong>facerent?</strong></span> <span class='ocrx_word' id='word_1_5' title='bbox 795 432 845 470; x_wconf 88' lang='lat' dir='ltr'><strong>Ut</strong></span> <span class='ocrx_word' id='word_1_6' title='bbox 876 431 1122 484; x_wconf 78' lang='lat' dir='ltr'><strong>possiderent</strong></span> <span class='ocrx_word' id='word_1_7' title='bbox 1151 439 1190 470; x_wconf 89' lang='lat' dir='ltr'><strong>et</strong></span> <span class='ocrx_word' id='word_1_8' title='bbox 1214 431 1516 472; x_wconf 78' lang='lat' dir='ltr'><strong>inhabitarent?</strong></span> <span class='ocrx_word' id='word_1_9' title='bbox 1574 432 1649 470; x_wconf 86' lang='lat' dir='ltr'><strong>Sed</strong></span> 
     </span>
     <span class='ocr_line' id='line_1_3' title="bbox 326 503 1651 562; baseline 0 -12"><span class='ocrx_word' id='word_1_10' title='bbox 326 511 397 550; x_wconf 90' lang='lat' dir='ltr'><strong>alii</strong></span> <span class='ocrx_word' id='word_1_11' title='bbox 430 508 730 550; x_wconf 87' lang='lat' dir='ltr'><strong>inhabitabant.</strong></span> <span class='ocrx_word' id='word_1_12' title='bbox 766 509 816 548; x_wconf 84' lang='lat' dir='ltr'><strong>Ut</strong></span> <span class='ocrx_word' id='word_1_13' title='bbox 839 521 903 551; x_wconf 86' lang='lat' dir='ltr'><strong>eos</strong></span> <span class='ocrx_word' id='word_1_14' title='bbox 921 507 1201 562; x_wconf 82' lang='lat' dir='ltr'><strong>expellerent?</strong></span> <span class='ocrx_word' id='word_1_15' title='bbox 1231 510 1305 550; x_wconf 88' lang='lat' dir='ltr'><strong>Sed</strong></span> <span class='ocrx_word' id='word_1_16' title='bbox 1326 503 1651 562; x_wconf 72' lang='grc' dir='ltr'><strong><em>ἐπελαμβάνοντο</em></strong></span> 
     </span>
     <span class='ocr_line' id='line_1_4' title="bbox 325 583 1652 642; baseline 0.001 -15"><span class='ocrx_word' id='word_1_17' title='bbox 325 590 352 628; x_wconf 87' lang='lat' dir='ltr'><strong>i.</strong></span> <span class='ocrx_word' id='word_1_18' title='bbox 379 602 413 627; x_wconf 89' lang='lat' dir='ltr'><strong>e.</strong></span> <span class='ocrx_word' id='word_1_19' title='bbox 450 587 733 634; x_wconf 84' lang='lat' dir='ltr'><strong>vindicabant,</strong></span> <span class='ocrx_word' id='word_1_20' title='bbox 768 590 860 642; x_wconf 90' lang='lat' dir='ltr'><strong>jure</strong></span> <span class='ocrx_word' id='word_1_21' title='bbox 895 585 1103 642; x_wconf 88' lang='lat' dir='ltr'><strong>petebant,</strong></span> <span class='ocrx_word' id='word_1_22' title='bbox 1142 585 1209 635; x_wconf 78' lang='grc' dir='ltr'><strong><em>καὶ</em></strong></span> <span class='ocrx_word' id='word_1_23' title='bbox 1240 583 1367 640; x_wconf 86' lang='grc' dir='ltr'><strong><em>μόνον</em></strong></span> <span class='ocrx_word' id='word_1_24' title='bbox 1399 590 1485 638; x_wconf 84' lang='grc' dir='ltr'><strong><em>τοῖς</em></strong></span> <span class='ocrx_word' id='word_1_25' title='bbox 1509 584 1652 642; x_wconf 82' lang='grc' dir='ltr'><strong><em>ἔχουσι</em></strong></span> 
     </span>
     <span class='ocr_line' id='line_1_5' title="bbox 323 661 1651 727; baseline -0.002 -19"><span class='ocrx_word' id='word_1_26' title='bbox 323 663 397 714; x_wconf 78' lang='grc' dir='ltr'><strong><em>τοῖς</em></strong></span> <span class='ocrx_word' id='word_1_27' title='bbox 432 662 589 722; x_wconf 78' lang='grc' dir='ltr'><strong><em>κτήσεις</em></strong></span> <span class='ocrx_word' id='word_1_28' title='bbox 614 661 848 721; x_wconf 79' lang='grc' dir='ltr'><strong><em>ἠνώχλουν,</em></strong></span> <span class='ocrx_word' id='word_1_29' title='bbox 886 667 1117 707; x_wconf 87' lang='lat' dir='ltr'><strong>conseratur</strong></span> <span class='ocrx_word' id='word_1_30' title='bbox 1144 668 1239 727; x_wconf 84' lang='lat' dir='ltr'><strong>Cap.</strong></span> <span class='ocrx_word' id='word_1_31' title='bbox 1266 668 1362 716; x_wconf 86' lang='lat' dir='ltr'>XII,</span> <span class='ocrx_word' id='word_1_32' title='bbox 1398 668 1488 708; x_wconf 86' lang='lat' dir='ltr'><strong>init.</strong></span> <span class='ocrx_word' id='word_1_33' title='bbox 1546 667 1651 717; x_wconf 83' lang='lat' dir='ltr'><strong>Quid</strong></span> 
     </span>
     <span class='ocr_line' id='line_1_6' title="bbox 324 745 1649 802; baseline 0 -17"><span class='ocrx_word' id='word_1_34' title='bbox 324 746 479 801; x_wconf 81' lang='lat' dir='ltr'><strong>igitur?</strong></span> <span class='ocrx_word' id='word_1_35' title='bbox 551 747 695 802; x_wconf 83' lang='lat' dir='ltr'><strong>Inepta</strong></span> <span class='ocrx_word' id='word_1_36' title='bbox 741 747 817 787; x_wconf 90' lang='lat' dir='ltr'><strong>ista</strong></span> <span class='ocrx_word' id='word_1_37' title='bbox 856 745 995 793; x_wconf 78' lang='lat' dir='ltr'><strong>verba,</strong></span> <span class='ocrx_word' id='word_1_38' title='bbox 1041 754 1088 786; x_wconf 89' lang='lat' dir='ltr'><strong>ut</strong></span> <span class='ocrx_word' id='word_1_39' title='bbox 1137 746 1271 786; x_wconf 88' lang='lat' dir='ltr'><strong>aliena</strong></span> <span class='ocrx_word' id='word_1_40' title='bbox 1309 760 1436 786; x_wconf 87' lang='lat' dir='ltr'><strong>manu</strong></span> <span class='ocrx_word' id='word_1_41' title='bbox 1478 746 1649 792; x_wconf 81' lang='lat' dir='ltr'><strong>inserta,</strong></span> 
     </span>
     <span class='ocr_line' id='line_1_7' title="bbox 323 822 1651 880; baseline -0.001 -16"><span class='ocrx_word' id='word_1_42' title='bbox 323 824 449 864; x_wconf 86' lang='lat' dir='ltr'><strong>litura</strong></span> <span class='ocrx_word' id='word_1_43' title='bbox 477 824 653 865; x_wconf 88' lang='lat' dir='ltr'><strong>delenda</strong></span> <span class='ocrx_word' id='word_1_44' title='bbox 684 833 791 876; x_wconf 91' lang='lat' dir='ltr'><strong>sunt,</strong></span> <span class='ocrx_word' id='word_1_45' title='bbox 827 834 868 865; x_wconf 89' lang='lat' dir='ltr'><strong>et</strong></span> <span class='ocrx_word' id='word_1_46' title='bbox 905 839 1059 864; x_wconf 90' lang='lat' dir='ltr'><strong>comma</strong></span> <span class='ocrx_word' id='word_1_47' title='bbox 1089 824 1324 880; x_wconf 89' lang='lat' dir='ltr'><strong>ponendum</strong></span> <span class='ocrx_word' id='word_1_48' title='bbox 1355 833 1444 879; x_wconf 86' lang='lat' dir='ltr'><strong>post</strong></span> <span class='ocrx_word' id='word_1_49' title='bbox 1474 822 1651 875; x_wconf 73' lang='grc' dir='ltr'><strong><em>ἐπελαμ-</em></strong></span> 
     </span>
     <span class='ocr_line' id='line_1_8' title="bbox 321 898 496 953; baseline 0 -11"><span class='ocrx_word' id='word_1_50' title='bbox 321 898 496 953; x_wconf 79' lang='grc' dir='ltr'><strong><em>βάνοντο.</em></strong></span> 
     </span>
    </p>
   </div>
   <div class='ocr_carea' id='block_1_3' title="bbox 865 1094 1111 1134">
    <p class='ocr_par' dir='ltr' id='par_1_3' title="bbox 865 1094 1111 1134">
     <span class='ocr_line' id='line_1_9' title="bbox 865 1094 1111 1134; baseline 0 -1"><span class='ocrx_word' id='word_1_51' title='bbox 865 1094 1007 1134; x_wconf 87' lang='lat' dir='ltr'><strong>CAP.</strong></span> <span class='ocrx_word' id='word_1_52' title='bbox 1065 1096 1111 1134; x_wconf 91' lang='lat' dir='ltr'><strong>X.</strong></span> 
     </span>
    </p>
   </div>
   <div class='ocr_carea' id='block_1_4' title="bbox 319 1216 1654 2689">
    <p class='ocr_par' dir='ltr' id='par_1_4' title="bbox 319 1216 1654 1827">
     <span class='ocr_line' id='line_1_10' title="bbox 367 1216 1651 1283; baseline 0.001 -21"><span class='ocrx_word' id='word_1_53' title='bbox 367 1225 418 1283; x_wconf 78' lang='lat'><strong>.1·</strong></span> <span class='ocrx_word' id='word_1_54' title='bbox 465 1217 557 1262; x_wconf 63' lang='grc' dir='ltr'><strong><em>Ἠν</em></strong></span> <span class='ocrx_word' id='word_1_55' title='bbox 596 1219 634 1261; x_wconf 77' lang='grc' dir='ltr'><strong>δ’</strong></span> <span class='ocrx_word' id='word_1_56' title='bbox 652 1223 824 1276; x_wconf 85' lang='grc' dir='ltr'><strong><em>’Ἀρατος</em></strong></span> <span class='ocrx_word' id='word_1_57' title='bbox 857 1223 916 1279; x_wconf 87' lang='grc' dir='ltr'><strong>τῷ</strong></span> <span class='ocrx_word' id='word_1_58' title='bbox 950 1216 1085 1279; x_wconf 80' lang='grc' dir='ltr'><strong><em>τρόπῳ</em></strong></span> <span class='ocrx_word' id='word_1_59' title='bbox 1112 1218 1330 1271; x_wconf 77' lang='grc' dir='ltr'><strong><em>πολιτικός,</em></strong></span> <span class='ocrx_word' id='word_1_60' title='bbox 1361 1218 1651 1278; x_wconf 73' lang='grc' dir='ltr'><strong><em>μεγαλόφρων,</em></strong></span> 
     </span>
     <span class='ocr_line' id='line_1_11' title="bbox 323 1297 1651 1358; baseline 0.001 -16"><span class='ocrx_word' id='word_1_61' title='bbox 323 1297 598 1356; x_wconf 71' lang='grc' dir='ltr'><strong><em>ἀκριβέστερος</em></strong></span> <span class='ocrx_word' id='word_1_62' title='bbox 619 1299 674 1349; x_wconf 88' lang='grc' dir='ltr'><strong>εἷς</strong></span> <span class='ocrx_word' id='word_1_63' title='bbox 697 1297 750 1342; x_wconf 71' lang='grc' dir='ltr'><strong>τοὶ</strong></span> <span class='ocrx_word' id='word_1_64' title='bbox 776 1297 888 1342; x_wconf 71' lang='lat' dir='ltr'><strong>atomo?</strong></span> <span class='ocrx_word' id='word_1_65' title='bbox 915 1300 1075 1353; x_wconf 83' lang='grc' dir='ltr'><strong><em>μᾶλλον</em></strong></span> <span class='ocrx_word' id='word_1_66' title='bbox 1096 1300 1180 1342; x_wconf 87' lang='grc' dir='ltr'><strong><em>τῶν</em></strong></span> <span class='ocrx_word' id='word_1_67' title='bbox 1205 1298 1339 1351; x_wconf 80' lang='grc' dir='ltr'><strong><em>ἰδίων,</em></strong></span> <span class='ocrx_word' id='word_1_68' title='bbox 1367 1302 1516 1358; x_wconf 81' lang='grc' dir='ltr'><strong><em>πικρῶς</em></strong></span> <span class='ocrx_word' id='word_1_69' title='bbox 1537 1314 1651 1354; x_wconf 87' lang='grc' dir='ltr'><strong><em>μισο-</em></strong></span> 
     </span>
     <span class='ocr_line' id='line_1_12' title="bbox 320 1372 1654 1437; baseline 0.001 -16"><span class='ocrx_word' id='word_1_70' title='bbox 320 1375 524 1435; x_wconf 77' lang='grc' dir='ltr'><strong><em>τύραννος,</em></strong></span> <span class='ocrx_word' id='word_1_71' title='bbox 547 1377 706 1435; x_wconf 81' lang='grc' dir='ltr'><strong><em>ἔχθρας</em></strong></span> <span class='ocrx_word' id='word_1_72' title='bbox 724 1372 805 1437; x_wconf 81' lang='grc' dir='ltr'><strong><em>ὅρῳ</em></strong></span> <span class='ocrx_word' id='word_1_73' title='bbox 834 1378 901 1419; x_wconf 82' lang='grc' dir='ltr'><strong><em>καὶ</em></strong></span> <span class='ocrx_word' id='word_1_74' title='bbox 922 1376 1062 1433; x_wconf 79' lang='grc' dir='ltr'><strong><em>φιλίοις</em></strong></span> <span class='ocrx_word' id='word_1_75' title='bbox 1089 1376 1152 1419; x_wconf 81' lang='grc' dir='ltr'><strong>αἐἱ</strong></span> <span class='ocrx_word' id='word_1_76' title='bbox 1178 1379 1240 1437; x_wconf 86' lang='grc' dir='ltr'><strong>τῷ</strong></span> <span class='ocrx_word' id='word_1_77' title='bbox 1262 1380 1384 1437; x_wconf 83' lang='grc' dir='ltr'><strong><em>κοινῷ</em></strong></span> <span class='ocrx_word' id='word_1_78' title='bbox 1406 1377 1654 1435; x_wconf 77' lang='grc' dir='ltr'><strong><em>συμφέροντι</em></strong></span> 
     </span>
     <span class='ocr_line' id='line_1_13' title="bbox 319 1438 1653 1515; baseline 0.001 -15"><span class='ocrx_word' id='word_1_79' title='bbox 319 1438 539 1515; x_wconf 44' lang='grc' dir='ltr'><strong><em>ἐρώμενος.</em></strong></span> <span class='ocrx_word' id='word_1_80' title='bbox 585 1450 719 1499; x_wconf 61' lang='lat' dir='ltr'><em>‘&#39;O-m</em></span> <span class='ocrx_word' id='word_1_81' title='bbox 756 1458 807 1499; x_wconf 73' lang='grc' dir='ltr'><strong><em>οὔ</em></strong></span> <span class='ocrx_word' id='word_1_82' title='bbox 806 1473 837 1511; x_wconf 89' lang='grc' dir='ltr'><em>χ</em></span> <span class='ocrx_word' id='word_1_83' title='bbox 870 1450 999 1507; x_wconf 71' lang='grc' dir='ltr'><strong><em>οὕτως</em></strong></span> <span class='ocrx_word' id='word_1_84' title='bbox 1027 1456 1141 1498; x_wconf 78' lang='grc' dir='ltr'><strong><em>δοκεῖ</em></strong></span> <span class='ocrx_word' id='word_1_85' title='bbox 1167 1454 1365 1512; x_wconf 73' lang='grc' dir='ltr'><strong><em>γεγονέναι</em></strong></span> <span class='ocrx_word' id='word_1_86' title='bbox 1397 1456 1515 1513; x_wconf 82' lang='grc' dir='ltr'><strong><em>φίλος</em></strong></span> <span class='ocrx_word' id='word_1_87' title='bbox 1540 1457 1653 1514; x_wconf 85' lang='grc' dir='ltr'><strong><em>α’κρι-</em></strong></span> 
     </span>
     <span class='ocr_line' id='line_1_14' title="bbox 320 1532 1653 1594; baseline 0.001 -16"><span class='ocrx_word' id='word_1_88' title='bbox 320 1533 418 1590; x_wconf 76' lang='grc' dir='ltr'><strong><em>βὴς,</em></strong></span> <span class='ocrx_word' id='word_1_89' title='bbox 446 1534 503 1585; x_wconf 76' lang='grc' dir='ltr'><strong><em>οἷς</em></strong></span> <span class='ocrx_word' id='word_1_90' title='bbox 535 1532 692 1590; x_wconf 74' lang='grc' dir='ltr'><strong><em>ἐχθρᾶς</em></strong></span> <span class='ocrx_word' id='word_1_91' title='bbox 726 1532 945 1590; x_wconf 74' lang='grc' dir='ltr'><strong><em>εὐγνώμων</em></strong></span> <span class='ocrx_word' id='word_1_92' title='bbox 977 1533 1044 1576; x_wconf 81' lang='grc' dir='ltr'><strong><em>καὶ</em></strong></span> <span class='ocrx_word' id='word_1_93' title='bbox 1072 1536 1218 1594; x_wconf 76' lang='grc' dir='ltr'><strong><em>πρᾷος,</em></strong></span> <span class='ocrx_word' id='word_1_94' title='bbox 1246 1534 1330 1577; x_wconf 65' lang='lat' dir='ltr'><strong>nino*</strong></span> <span class='ocrx_word' id='word_1_95' title='bbox 1352 1537 1426 1591; x_wconf 81' lang='grc' dir='ltr'><strong><em>τῆς</em></strong></span> <span class='ocrx_word' id='word_1_96' title='bbox 1454 1536 1653 1586; x_wconf 76' lang='grc' dir='ltr'><strong><em>πολιτείας</em></strong></span> 
     </span>
     <span class='ocr_line' id='line_1_15' title="bbox 321 1607 1654 1673; baseline 0 -16"><span class='ocrx_word' id='word_1_97' title='bbox 321 1612 386 1657; x_wconf 77' lang='grc' dir='ltr'><strong>ἐπ’</strong></span> <span class='ocrx_word' id='word_1_98' title='bbox 412 1609 624 1670; x_wconf 83' lang='grc' dir='ltr'><strong><em>α’μφότερα</em></strong></span> <span class='ocrx_word' id='word_1_99' title='bbox 654 1615 715 1673; x_wconf 85' lang='grc' dir='ltr'><strong>τῷ</strong></span> <span class='ocrx_word' id='word_1_100' title='bbox 741 1614 867 1672; x_wconf 86' lang='grc' dir='ltr'><strong><em>καιρῷ</em></strong></span> <span class='ocrx_word' id='word_1_101' title='bbox 893 1607 1263 1668; x_wconf 81' lang='grc' dir='ltr'><strong><em>μεταβαλλόμενος,</em></strong></span> <span class='ocrx_word' id='word_1_102' title='bbox 1300 1612 1490 1666; x_wconf 82' lang='grc' dir='ltr'><strong><em>ὁμονοίας</em></strong></span> <span class='ocrx_word' id='word_1_103' title='bbox 1514 1614 1654 1657; x_wconf 78' lang='grc' dir='ltr'><strong><em>ἐθνῶν</em></strong></span> 
     </span>
     <span class='ocr_line' id='line_1_16' title="bbox 321 1688 1653 1748; baseline 0.001 -14"><span class='ocrx_word' id='word_1_104' title='bbox 321 1692 389 1734; x_wconf 78' lang='grc' dir='ltr'><strong><em>καὶ</em></strong></span> <span class='ocrx_word' id='word_1_105' title='bbox 432 1691 639 1742; x_wconf 72' lang='grc' dir='ltr'><strong><em>κοινωνίας</em></strong></span> <span class='ocrx_word' id='word_1_106' title='bbox 680 1688 838 1735; x_wconf 85' lang='grc' dir='ltr'><strong><em>πόλεων</em></strong></span> <span class='ocrx_word' id='word_1_107' title='bbox 883 1691 951 1733; x_wconf 78' lang='grc' dir='ltr'><strong><em>καὶ</em></strong></span> <span class='ocrx_word' id='word_1_108' title='bbox 988 1690 1196 1748; x_wconf 82' lang='grc' dir='ltr'><strong><em>συνεδρίου</em></strong></span> <span class='ocrx_word' id='word_1_109' title='bbox 1232 1691 1299 1734; x_wconf 77' lang='grc' dir='ltr'><strong><em>καὶ</em></strong></span> <span class='ocrx_word' id='word_1_110' title='bbox 1334 1689 1512 1748; x_wconf 76' lang='grc' dir='ltr'><strong><em>θεάτρου</em></strong></span> <span class='ocrx_word' id='word_1_111' title='bbox 1553 1691 1653 1746; x_wconf 82' lang='grc' dir='ltr'><strong><em>μίαν</em></strong></span> 
     </span>
     <span class='ocr_line' id='line_1_17' title="bbox 322 1767 1598 1827; baseline -0.001 -14"><span class='ocrx_word' id='word_1_112' title='bbox 322 1768 467 1826; x_wconf 74' lang='grc' dir='ltr'><strong><em>φωνήν</em></strong></span> <span class='ocrx_word' id='word_1_113' title='bbox 492 1768 683 1826; x_wconf 80' lang='grc' dir='ltr'><strong><em>α’φιέντος</em></strong></span> <span class='ocrx_word' id='word_1_114' title='bbox 710 1769 766 1820; x_wconf 78' lang='grc' dir='ltr'><strong><em>ῶς</em></strong></span> <span class='ocrx_word' id='word_1_115' title='bbox 793 1767 956 1819; x_wconf 76' lang='grc' dir='ltr'><strong><em>οὐδενός</em></strong></span> <span class='ocrx_word' id='word_1_116' title='bbox 983 1772 1109 1812; x_wconf 87' lang='grc' dir='ltr'><strong><em>ἄλλου</em></strong></span> <span class='ocrx_word' id='word_1_117' title='bbox 1136 1771 1220 1812; x_wconf 85' lang='grc' dir='ltr'><strong><em>τῶν</em></strong></span> <span class='ocrx_word' id='word_1_118' title='bbox 1244 1771 1379 1813; x_wconf 83' lang='grc' dir='ltr'><strong><em>καλῶν</em></strong></span> <span class='ocrx_word' id='word_1_119' title='bbox 1403 1768 1598 1827; x_wconf 71' lang='grc' dir='ltr'><strong><em>ἐραστής,</em></strong></span> 
     </span>
    </p>

    <p class='ocr_par' dir='ltr' id='par_1_5' title="bbox 319 1850 1652 2689">
     <span class='ocr_line' id='line_1_18' title="bbox 377 1850 1652 1905; baseline 0 -15"><span class='ocrx_word' id='word_1_120' title='bbox 377 1852 505 1890; x_wconf 90' lang='lat' dir='ltr'><strong>Locus</strong></span> <span class='ocrx_word' id='word_1_121' title='bbox 533 1850 602 1890; x_wconf 89' lang='lat' dir='ltr'><strong>hic</strong></span> <span class='ocrx_word' id='word_1_122' title='bbox 632 1850 822 1889; x_wconf 87' lang='lat' dir='ltr'><strong>nondum</strong></span> <span class='ocrx_word' id='word_1_123' title='bbox 852 1851 908 1889; x_wconf 91' lang='lat' dir='ltr'><strong>ita</strong></span> <span class='ocrx_word' id='word_1_124' title='bbox 940 1850 1185 1889; x_wconf 87' lang='lat' dir='ltr'><strong>constitutus</strong></span> <span class='ocrx_word' id='word_1_125' title='bbox 1214 1857 1270 1889; x_wconf 86' lang='lat' dir='ltr'><strong>est</strong></span> <span class='ocrx_word' id='word_1_126' title='bbox 1298 1857 1344 1889; x_wconf 91' lang='lat' dir='ltr'><strong>ut</strong></span> <span class='ocrx_word' id='word_1_127' title='bbox 1362 1850 1485 1904; x_wconf 86' lang='lat' dir='ltr'><strong>plane</strong></span> <span class='ocrx_word' id='word_1_128' title='bbox 1503 1852 1652 1905; x_wconf 87' lang='lat' dir='ltr'><strong>perspi-</strong></span> 
     </span>
     <span class='ocr_line' id='line_1_19' title="bbox 321 1919 1652 1983; baseline 0.001 -15"><span class='ocrx_word' id='word_1_129' title='bbox 321 1943 420 1969; x_wconf 89' lang='lat' dir='ltr'><strong>cuus</strong></span> <span class='ocrx_word' id='word_1_130' title='bbox 458 1929 521 1968; x_wconf 89' lang='lat' dir='ltr'><strong>sit.</strong></span> <span class='ocrx_word' id='word_1_131' title='bbox 588 1929 873 1983; x_wconf 81' lang='lat' dir='ltr'><strong>Interpunctio</strong></span> <span class='ocrx_word' id='word_1_132' title='bbox 911 1928 1054 1967; x_wconf 86' lang='lat' dir='ltr'><strong>vitiosa</strong></span> <span class='ocrx_word' id='word_1_133' title='bbox 1097 1935 1165 1967; x_wconf 86' lang='lat' dir='ltr'><strong>est.</strong></span> <span class='ocrx_word' id='word_1_134' title='bbox 1235 1928 1386 1983; x_wconf 88' lang='lat' dir='ltr'><strong>Nempe</strong></span> <span class='ocrx_word' id='word_1_135' title='bbox 1430 1919 1529 1968; x_wconf 79' lang='grc' dir='ltr'><strong><em>ὅθεν</em></strong></span> <span class='ocrx_word' id='word_1_136' title='bbox 1570 1925 1652 1981; x_wconf 86' lang='grc' dir='ltr'><strong><em>ου’χ</em></strong></span> 
     </span>
     <span class='ocr_line' id='line_1_20' title="bbox 321 1997 1652 2062; baseline 0 -15"><span class='ocrx_word' id='word_1_137' title='bbox 321 1997 451 2054; x_wconf 66' lang='grc' dir='ltr'><strong><em>οὕτως</em></strong></span> <span class='ocrx_word' id='word_1_138' title='bbox 489 2037 609 2045; x_wconf 92' lang='grc'><strong>.....</strong></span> <span class='ocrx_word' id='word_1_139' title='bbox 645 1998 995 2058; x_wconf 74' lang='grc' dir='ltr'><strong><em>μεταβαλλόμενος</em></strong></span> <span class='ocrx_word' id='word_1_140' title='bbox 1016 2014 1074 2046; x_wconf 90' lang='lat' dir='ltr'><strong>est</strong></span> <span class='ocrx_word' id='word_1_141' title='bbox 1091 2007 1290 2047; x_wconf 87' lang='lat' dir='ltr'><strong>sententia</strong></span> <span class='ocrx_word' id='word_1_142' title='bbox 1308 2008 1530 2062; x_wconf 72' lang='lat' dir='ltr'><strong>interjecta,</strong></span> <span class='ocrx_word' id='word_1_143' title='bbox 1548 2022 1652 2062; x_wconf 88' lang='lat' dir='ltr'><strong>quae</strong></span> 
     </span>
     <span class='ocr_line' id='line_1_21' title="bbox 321 2076 1651 2143; baseline 0.003 -19"><span class='ocrx_word' id='word_1_144' title='bbox 321 2085 491 2125; x_wconf 79' lang='lat' dir='ltr'><strong>refertur</strong></span> <span class='ocrx_word' id='word_1_145' title='bbox 522 2084 573 2124; x_wconf 91' lang='lat' dir='ltr'><strong>ad</strong></span> <span class='ocrx_word' id='word_1_146' title='bbox 601 2079 760 2139; x_wconf 81' lang='grc' dir='ltr'><strong><em>ἔχθρας</em></strong></span> <span class='ocrx_word' id='word_1_147' title='bbox 791 2076 873 2142; x_wconf 80' lang='grc' dir='ltr'><strong><em>ὅρῳ</em></strong></span> <span class='ocrx_word' id='word_1_148' title='bbox 907 2081 974 2124; x_wconf 79' lang='grc' dir='ltr'><strong><em>καὶ</em></strong></span> <span class='ocrx_word' id='word_1_149' title='bbox 1003 2080 1136 2136; x_wconf 86' lang='grc' dir='ltr'><strong><em>φιλίας</em></strong></span> <span class='ocrx_word' id='word_1_150' title='bbox 1169 2080 1230 2124; x_wconf 82' lang='grc' dir='ltr'><strong>αἐὶ</strong></span> <span class='ocrx_word' id='word_1_151' title='bbox 1259 2083 1319 2142; x_wconf 80' lang='grc' dir='ltr'><strong>τῷ</strong></span> <span class='ocrx_word' id='word_1_152' title='bbox 1345 2084 1464 2143; x_wconf 83' lang='grc' dir='ltr'><strong><em>κοινῷ</em></strong></span> <span class='ocrx_word' id='word_1_153' title='bbox 1491 2081 1651 2141; x_wconf 76' lang='grc' dir='ltr'><strong><em>συμφέ-</em></strong></span> 
     </span>
     <span class='ocr_line' id='line_1_22' title="bbox 320 2155 1649 2219; baseline 0 -14"><span class='ocrx_word' id='word_1_154' title='bbox 320 2178 427 2219; x_wconf 88' lang='grc' dir='ltr'><strong><em>ροντι</em></strong></span> <span class='ocrx_word' id='word_1_155' title='bbox 450 2159 669 2217; x_wconf 73' lang='grc' dir='ltr'><strong><em>χρώμενος.</em></strong></span> <span class='ocrx_word' id='word_1_156' title='bbox 723 2164 928 2203; x_wconf 88' lang='lat' dir='ltr'><strong>Punctum</strong></span> <span class='ocrx_word' id='word_1_157' title='bbox 957 2164 1093 2203; x_wconf 90' lang='lat' dir='ltr'><strong>minus</strong></span> <span class='ocrx_word' id='word_1_158' title='bbox 1117 2164 1243 2217; x_wconf 86' lang='lat' dir='ltr'><strong>igitur</strong></span> <span class='ocrx_word' id='word_1_159' title='bbox 1262 2165 1359 2203; x_wconf 86' lang='lat' dir='ltr'><strong>&#39;ante</strong></span> <span class='ocrx_word' id='word_1_160' title='bbox 1382 2155 1482 2204; x_wconf 77' lang='grc' dir='ltr'><strong><em>ὅθεν</em></strong></span> <span class='ocrx_word' id='word_1_161' title='bbox 1501 2173 1541 2205; x_wconf 87' lang='lat' dir='ltr'><strong>et</strong></span> <span class='ocrx_word' id='word_1_162' title='bbox 1560 2173 1649 2219; x_wconf 91' lang='lat' dir='ltr'><strong>post</strong></span> 
     </span>
     <span class='ocr_line' id='line_1_23' title="bbox 319 2237 1650 2296; baseline 0 -13"><span class='ocrx_word' id='word_1_163' title='bbox 319 2237 670 2295; x_wconf 83' lang='grc' dir='ltr'><strong><em>μεταβαλλόμενος</em></strong></span> <span class='ocrx_word' id='word_1_164' title='bbox 691 2248 882 2296; x_wconf 87' lang='lat' dir='ltr'><strong>ponatur.</strong></span> <span class='ocrx_word' id='word_1_165' title='bbox 925 2241 1076 2281; x_wconf 90' lang='lat' dir='ltr'><strong>Deinde</strong></span> <span class='ocrx_word' id='word_1_166' title='bbox 1099 2248 1188 2296; x_wconf 91' lang='lat' dir='ltr'><strong>post</strong></span> <span class='ocrx_word' id='word_1_167' title='bbox 1206 2240 1463 2296; x_wconf 85' lang='lat' dir='ltr'><strong>parenthesin</strong></span> <span class='ocrx_word' id='word_1_168' title='bbox 1486 2242 1536 2282; x_wconf 90' lang='lat' dir='ltr'><strong>ad</strong></span> <span class='ocrx_word' id='word_1_169' title='bbox 1556 2257 1650 2283; x_wconf 90' lang='lat' dir='ltr'><strong>con-</strong></span> 
     </span>
     <span class='ocr_line' id='line_1_24' title="bbox 322 2313 1652 2374; baseline 0.001 -14"><span class='ocrx_word' id='word_1_170' title='bbox 322 2320 572 2360; x_wconf 85' lang='lat' dir='ltr'><strong>tinuandam</strong></span> <span class='ocrx_word' id='word_1_171' title='bbox 601 2320 846 2366; x_wconf 80' lang='lat' dir='ltr'><strong>orationem,</strong></span> <span class='ocrx_word' id='word_1_172' title='bbox 876 2334 980 2373; x_wconf 87' lang='lat' dir='ltr'><strong>quae</strong></span> <span class='ocrx_word' id='word_1_173' title='bbox 1006 2319 1201 2359; x_wconf 85' lang='lat' dir='ltr'><strong>referatur</strong></span> <span class='ocrx_word' id='word_1_174' title='bbox 1228 2320 1279 2358; x_wconf 88' lang='lat' dir='ltr'><strong>ad</strong></span> <span class='ocrx_word' id='word_1_175' title='bbox 1297 2313 1380 2359; x_wconf 65' lang='grc' dir='ltr'><strong><em>Ἠν</em></strong></span> <span class='ocrx_word' id='word_1_176' title='bbox 1405 2317 1652 2374; x_wconf 79' lang='grc' dir='ltr'><strong><em>δ”Ἀραι-ος,</em></strong></span> 
     </span>
     <span class='ocr_line' id='line_1_25' title="bbox 322 2395 1651 2456; baseline 0.001 -16"><span class='ocrx_word' id='word_1_177' title='bbox 322 2399 525 2456; x_wconf 80' lang='lat' dir='ltr'><strong>particula</strong></span> <span class='ocrx_word' id='word_1_178' title='bbox 551 2395 598 2439; x_wconf 78' lang='grc' dir='ltr'><strong>δὲ</strong></span> <span class='ocrx_word' id='word_1_179' title='bbox 625 2399 733 2439; x_wconf 85' lang='lat' dir='ltr'><strong>inter</strong></span> <span class='ocrx_word' id='word_1_180' title='bbox 758 2413 866 2439; x_wconf 86' lang='lat' dir='ltr'><strong>vocc.</strong></span> <span class='ocrx_word' id='word_1_181' title='bbox 896 2395 1084 2451; x_wconf 86' lang='grc' dir='ltr'><strong><em>ὁμονοίας</em></strong></span> <span class='ocrx_word' id='word_1_182' title='bbox 1101 2407 1140 2440; x_wconf 83' lang='lat' dir='ltr'><strong>et</strong></span> <span class='ocrx_word' id='word_1_183' title='bbox 1157 2397 1296 2442; x_wconf 75' lang='grc' dir='ltr'><strong><em>ἐθνῶν</em></strong></span> <span class='ocrx_word' id='word_1_184' title='bbox 1312 2400 1522 2441; x_wconf 79' lang='lat' dir='ltr'><strong>inseratur.</strong></span> <span class='ocrx_word' id='word_1_185' title='bbox 1551 2401 1651 2441; x_wconf 83' lang='lat' dir='ltr'><strong>Tum</strong></span> 
     </span>
     <span class='ocr_line' id='line_1_26' title="bbox 321 2473 1651 2536; baseline 0 -16"><span class='ocrx_word' id='word_1_186' title='bbox 321 2479 388 2521; x_wconf 80' lang='grc' dir='ltr'><strong><em>καὶ</em></strong></span> <span class='ocrx_word' id='word_1_187' title='bbox 410 2476 619 2536; x_wconf 78' lang='grc' dir='ltr'><strong><em>συνεδρίου</em></strong></span> <span class='ocrx_word' id='word_1_188' title='bbox 647 2476 714 2520; x_wconf 83' lang='grc' dir='ltr'><strong><em>καὶ</em></strong></span> <span class='ocrx_word' id='word_1_189' title='bbox 733 2473 914 2535; x_wconf 79' lang='grc' dir='ltr'><strong><em>θεάτρου</em></strong></span> <span class='ocrx_word' id='word_1_190' title='bbox 940 2475 1040 2532; x_wconf 88' lang='grc' dir='ltr'><strong><em>μίαν</em></strong></span> <span class='ocrx_word' id='word_1_191' title='bbox 1067 2473 1208 2535; x_wconf 72' lang='grc' dir='ltr'><strong><em>φωνήν</em></strong></span> <span class='ocrx_word' id='word_1_192' title='bbox 1231 2475 1419 2535; x_wconf 66' lang='grc' dir='ltr'><strong><em>ἀφιέντος</em></strong></span> <span class='ocrx_word' id='word_1_193' title='bbox 1438 2482 1545 2521; x_wconf 85' lang='lat' dir='ltr'><strong>inter</strong></span> <span class='ocrx_word' id='word_1_194' title='bbox 1568 2481 1651 2521; x_wconf 93' lang='lat' dir='ltr'><strong>duo</strong></span> 
     </span>
     <span class='ocr_line' id='line_1_27' title="bbox 322 2559 1651 2614; baseline 0.001 -13"><span class='ocrx_word' id='word_1_195' title='bbox 322 2568 524 2601; x_wconf 82' lang='lat' dir='ltr'><strong>commata</strong></span> <span class='ocrx_word' id='word_1_196' title='bbox 550 2560 838 2610; x_wconf 85' lang='lat' dir='ltr'><strong>includantur3</strong></span> <span class='ocrx_word' id='word_1_197' title='bbox 874 2559 919 2599; x_wconf 91' lang='lat' dir='ltr'><strong>hi</strong></span> <span class='ocrx_word' id='word_1_198' title='bbox 946 2560 1117 2614; x_wconf 84' lang='lat' dir='ltr'><strong>genitivi</strong></span> <span class='ocrx_word' id='word_1_199' title='bbox 1143 2561 1253 2600; x_wconf 89' lang='lat' dir='ltr'><strong>enim</strong></span> <span class='ocrx_word' id='word_1_200' title='bbox 1285 2575 1380 2600; x_wconf 91' lang='lat' dir='ltr'><strong>cum</strong></span> <span class='ocrx_word' id='word_1_201' title='bbox 1409 2561 1651 2602; x_wconf 84' lang='lat' dir='ltr'><strong>anteceden-</strong></span> 
     </span>
     <span class='ocr_line' id='line_1_28' title="bbox 322 2638 1649 2689; baseline 0.001 -10"><span class='ocrx_word' id='word_1_202' title='bbox 322 2639 431 2680; x_wconf 89' lang='lat' dir='ltr'><strong>tibus</strong></span> <span class='ocrx_word' id='word_1_203' title='bbox 459 2653 544 2679; x_wconf 90' lang='lat' dir='ltr'><strong>non</strong></span> <span class='ocrx_word' id='word_1_204' title='bbox 572 2638 806 2687; x_wconf 86' lang='lat' dir='ltr'><strong>cohaerent,</strong></span> <span class='ocrx_word' id='word_1_205' title='bbox 835 2638 900 2677; x_wconf 90' lang='lat' dir='ltr'><strong>sed</strong></span> <span class='ocrx_word' id='word_1_206' title='bbox 927 2645 1023 2678; x_wconf 87' lang='lat' dir='ltr'><strong>sunt</strong></span> <span class='ocrx_word' id='word_1_207' title='bbox 1048 2638 1244 2689; x_wconf 78' lang='lat' dir='ltr'><strong>absoluti3</strong></span> <span class='ocrx_word' id='word_1_208' title='bbox 1271 2640 1519 2679; x_wconf 81' lang='lat' dir='ltr'><strong>constructio</strong></span> <span class='ocrx_word' id='word_1_209' title='bbox 1541 2641 1649 2680; x_wconf 90' lang='lat' dir='ltr'><strong>enim</strong></span> 
     </span>
    </p>
   </div>
   <div class='ocr_carea' id='block_1_5' title="bbox 321 2710 1651 2774">
    <p class='ocr_par' dir='ltr' id='par_1_6' title="bbox 321 2710 1651 2774">
     <span class='ocr_line' id='line_1_29' title="bbox 321 2710 1651 2774; baseline 0.002 -15"><span class='ocrx_word' id='word_1_210' title='bbox 321 2726 378 2760; x_wconf 86' lang='lat' dir='ltr'><strong>est</strong></span> <span class='ocrx_word' id='word_1_211' title='bbox 407 2718 529 2759; x_wconf 89' lang='lat' dir='ltr'><strong>haec:</strong></span> <span class='ocrx_word' id='word_1_212' title='bbox 560 2710 627 2773; x_wconf 82' lang='grc' dir='ltr'><strong>(ἦν</strong></span> <span class='ocrx_word' id='word_1_213' title='bbox 656 2713 693 2758; x_wconf 82' lang='lat'><strong>‹5‘</strong></span> <span class='ocrx_word' id='word_1_214' title='bbox 710 2717 921 2773; x_wconf 75' lang='grc' dir='ltr'><strong><em>Ἄρατος),</em></strong></span> <span class='ocrx_word' id='word_1_215' title='bbox 950 2714 1017 2758; x_wconf 83' lang='grc' dir='ltr'><strong><em>καὶ</em></strong></span> <span class='ocrx_word' id='word_1_216' title='bbox 1036 2715 1243 2773; x_wconf 82' lang='grc' dir='ltr'><strong><em>συνεδρίου</em></strong></span> <span class='ocrx_word' id='word_1_217' title='bbox 1264 2715 1331 2759; x_wconf 75' lang='grc' dir='ltr'><strong><em>καὶ</em></strong></span> <span class='ocrx_word' id='word_1_218' title='bbox 1352 2713 1527 2774; x_wconf 79' lang='grc' dir='ltr'><strong><em>θεάτρου</em></strong></span> <span class='ocrx_word' id='word_1_219' title='bbox 1551 2717 1651 2773; x_wconf 87' lang='grc' dir='ltr'><strong><em>μίαν</em></strong></span> 
     </span>
    </p>
   </div>
  </div>
 </body>
</html>
