<?xml version="1.0" encoding="UTF-8"?>
<!DOCTYPE html PUBLIC "-//W3C//DTD XHTML 1.0 Transitional//EN"
    "http://www.w3.org/TR/xhtml1/DTD/xhtml1-transitional.dtd">
<html xmlns="http://www.w3.org/1999/xhtml" xml:lang="en" lang="en">
 <head>
  <title>
</title>
<meta http-equiv="Content-Type" content="text/html;charset=utf-8" />
  <meta name='ocr-system' content='tesseract 3.04.00' />
  <meta name='ocr-capabilities' content='ocr_page ocr_carea ocr_par ocr_line ocrx_word'/>
</head>
<body>
  <div class='ocr_page' id='page_1' title='image "4738015_0055.png"; bbox 0 0 1894 3371; ppageno 0'>
   <div class='ocr_carea' id='block_1_1' title="bbox 731 295 1024 358">
    <p class='ocr_par' dir='ltr' id='par_1_1' title="bbox 731 295 1024 358">
     <span class='ocr_line' id='line_1_1' title="bbox 731 295 1024 358; baseline -0.003 0"><span class='ocrx_word' id='word_1_1' title='bbox 731 295 1024 358; x_wconf 77' lang='grc' dir='ltr'><em>’-4ι-</em></span> 
     </span>
    </p>
   </div>
   <div class='ocr_carea' id='block_1_2' title="bbox 241 429 1567 732">
    <p class='ocr_par' dir='ltr' id='par_1_2' title="bbox 241 429 1567 732">
     <span class='ocr_line' id='line_1_2' title="bbox 244 429 1567 492; baseline -0.004 -10"><span class='ocrx_word' id='word_1_2' title='bbox 244 442 449 487; x_wconf 80' lang='lat' dir='ltr'><strong>rivantur,</strong></span> <span class='ocrx_word' id='word_1_3' title='bbox 489 439 761 479; x_wconf 80' lang='lat' dir='ltr'><strong>terminantur</strong></span> <span class='ocrx_word' id='word_1_4' title='bbox 799 439 844 478; x_wconf 93' lang='lat' dir='ltr'><strong>in</strong></span> <span class='ocrx_word' id='word_1_5' title='bbox 883 429 966 489; x_wconf 75' lang='grc' dir='ltr'><strong>αώ,</strong></span> <span class='ocrx_word' id='word_1_6' title='bbox 1004 446 1050 479; x_wconf 84' lang='lat' dir='ltr'><strong>ut</strong></span> <span class='ocrx_word' id='word_1_7' title='bbox 1082 433 1215 491; x_wconf 74' lang='grc' dir='ltr'><em>τόλμα</em></span> <span class='ocrx_word' id='word_1_8' title='bbox 1242 431 1410 490; x_wconf 71' lang='grc' dir='ltr'><em>τολμᾰω</em></span> <span class='ocrx_word' id='word_1_9' title='bbox 1418 438 1454 487; x_wconf 60' lang='lat'><strong>,&#39;</strong></span> <span class='ocrx_word' id='word_1_10' title='bbox 1461 434 1567 492; x_wconf 79' lang='grc' dir='ltr'><em>χολή</em></span> 
     </span>
     <span class='ocr_line' id='line_1_3' title="bbox 241 514 1566 571; baseline -0.002 -12"><span class='ocrx_word' id='word_1_11' title='bbox 241 520 398 571; x_wconf 74' lang='grc' dir='ltr'><em>χολάω,</em></span> <span class='ocrx_word' id='word_1_12' title='bbox 418 524 505 563; x_wconf 70' lang='lat' dir='ltr'><strong>oet„</strong></span> <span class='ocrx_word' id='word_1_13' title='bbox 533 524 573 556; x_wconf 92' lang='lat' dir='ltr'><strong>et</strong></span> <span class='ocrx_word' id='word_1_14' title='bbox 598 517 825 557; x_wconf 87' lang='lat' dir='ltr'><strong>conseratur</strong></span> <span class='ocrx_word' id='word_1_15' title='bbox 848 518 964 559; x_wconf 82' lang='lat' dir='ltr'><strong>Dion.</strong></span> <span class='ocrx_word' id='word_1_16' title='bbox 977 518 1102 557; x_wconf 85' lang='lat' dir='ltr'><strong>Halic.</strong></span> <span class='ocrx_word' id='word_1_17' title='bbox 1122 519 1169 568; x_wconf 88' lang='lat' dir='ltr'><strong>V,</strong></span> <span class='ocrx_word' id='word_1_18' title='bbox 1188 518 1253 557; x_wconf 89' lang='grc'><strong>49.</strong></span> <span class='ocrx_word' id='word_1_19' title='bbox 1278 514 1436 571; x_wconf 75' lang='grc' dir='ltr'><em>ημέρας</em></span> <span class='ocrx_word' id='word_1_20' title='bbox 1451 515 1566 556; x_wconf 75' lang='lat' dir='ltr'><strong>dauv-</strong></span> 
     </span>
     <span class='ocr_line' id='line_1_4' title="bbox 241 588 1566 651; baseline -0.001 -15"><span class='ocrx_word' id='word_1_21' title='bbox 241 590 387 649; x_wconf 82' lang='grc' dir='ltr'><em>γώσης.</em></span> <span class='ocrx_word' id='word_1_22' title='bbox 411 618 465 625; x_wconf 93' lang='lat'><em>-</em></span> <span class='ocrx_word' id='word_1_23' title='bbox 502 594 703 636; x_wconf 80' lang='lat' dir='ltr'><strong>vocabula</strong></span> <span class='ocrx_word' id='word_1_24' title='bbox 741 590 897 651; x_wconf 72' lang='grc' dir='ltr'><em>ἡμέρας</em></span> <span class='ocrx_word' id='word_1_25' title='bbox 926 595 1008 651; x_wconf 80' lang='grc' dir='ltr'><strong>ἤδη</strong></span> <span class='ocrx_word' id='word_1_26' title='bbox 1043 589 1293 649; x_wconf 75' lang='grc' dir='ltr'><em>διαυγώσης,</em></span> <span class='ocrx_word' id='word_1_27' title='bbox 1325 588 1350 635; x_wconf 78' lang='grc' dir='ltr'><strong><em>ὅ</em></strong></span> <span class='ocrx_word' id='word_1_28' title='bbox 1380 609 1423 636; x_wconf 82' lang='grc' dir='ltr'><strong>τε</strong></span> <span class='ocrx_word' id='word_1_29' title='bbox 1454 596 1566 649; x_wconf 82' lang='grc' dir='ltr'><em>ἥλιος</em></span> 
     </span>
     <span class='ocr_line' id='line_1_5' title="bbox 241 668 1563 732; baseline 0 -18"><span class='ocrx_word' id='word_1_30' title='bbox 241 668 370 723; x_wconf 70' lang='grc' dir='ltr'><strong>εόθΰς</strong></span> <span class='ocrx_word' id='word_1_31' title='bbox 394 670 601 727; x_wconf 71' lang='grc' dir='ltr'><em>ἐπέλαμπε</em></span> <span class='ocrx_word' id='word_1_32' title='bbox 626 676 687 731; x_wconf 75' lang='grc' dir='ltr'><strong>τῷ</strong></span> <span class='ocrx_word' id='word_1_33' title='bbox 708 671 810 732; x_wconf 73' lang='grc' dir='ltr'><em>’ἔργῳ</em></span> <span class='ocrx_word' id='word_1_34' title='bbox 831 689 1003 729; x_wconf 85' lang='lat' dir='ltr'><strong>magnae</strong></span> <span class='ocrx_word' id='word_1_35' title='bbox 1021 676 1235 716; x_wconf 87' lang='lat' dir='ltr'><strong>offensioni</strong></span> <span class='ocrx_word' id='word_1_36' title='bbox 1254 675 1420 716; x_wconf 84' lang='lat' dir='ltr'><strong>suerunt</strong></span> <span class='ocrx_word' id='word_1_37' title='bbox 1437 675 1563 730; x_wconf 87' lang='lat' dir='ltr'><strong>idque</strong></span> 
     </span>
    </p>
   </div>
   <div class='ocr_carea' id='block_1_3' title="bbox 237 745 1565 965">
    <p class='ocr_par' dir='ltr' id='par_1_3' title="bbox 237 745 1565 965">
     <span class='ocr_line' id='line_1_6' title="bbox 240 745 1563 806; baseline -0.001 -14"><span class='ocrx_word' id='word_1_38' title='bbox 240 753 396 792; x_wconf 85' lang='lat' dir='ltr'><strong>merito.</strong></span> <span class='ocrx_word' id='word_1_39' title='bbox 454 752 682 793; x_wconf 86' lang='lat' dir='ltr'><strong>Schaeserus</strong></span> <span class='ocrx_word' id='word_1_40' title='bbox 712 752 831 791; x_wconf 84' lang='lat' dir='ltr'><strong>malit</strong></span> <span class='ocrx_word' id='word_1_41' title='bbox 841 782 961 791; x_wconf 90' lang='grc'><strong>.....</strong></span> <span class='ocrx_word' id='word_1_42' title='bbox 1009 783 1018 792; x_wconf 95' lang='grc'><strong>.</strong></span> <span class='ocrx_word' id='word_1_43' title='bbox 1054 745 1308 806; x_wconf 54' lang='grc' dir='ltr'><strong>διαυγοιῖσηςᾳ</strong></span> <span class='ocrx_word' id='word_1_44' title='bbox 1362 751 1449 792; x_wconf 78' lang='grc' dir='ltr'><em>Καὶ</em></span> <span class='ocrx_word' id='word_1_45' title='bbox 1472 753 1496 792; x_wconf 79' lang='grc' dir='ltr'><strong>ὅ</strong></span> <span class='ocrx_word' id='word_1_46' title='bbox 1521 766 1563 792; x_wconf 84' lang='grc' dir='ltr'><strong>τε</strong></span> 
     </span>
     <span class='ocr_line' id='line_1_7' title="bbox 237 824 1565 887; baseline -0.002 -15"><span class='ocrx_word' id='word_1_47' title='bbox 237 824 351 886; x_wconf 80' lang='grc' dir='ltr'><em>ἥλιος</em></span> <span class='ocrx_word' id='word_1_48' title='bbox 361 861 507 871; x_wconf 87' lang='grc'><strong>......</strong></span> <span class='ocrx_word' id='word_1_49' title='bbox 572 832 748 872; x_wconf 88' lang='lat' dir='ltr'><strong>Sintenis</strong></span> <span class='ocrx_word' id='word_1_50' title='bbox 768 845 844 887; x_wconf 90' lang='lat' dir='ltr'><strong>pro</strong></span> <span class='ocrx_word' id='word_1_51' title='bbox 866 832 1035 886; x_wconf 88' lang='lat' dir='ltr'><strong>imperio</strong></span> <span class='ocrx_word' id='word_1_52' title='bbox 1047 861 1195 870; x_wconf 90' lang='grc'><strong>......</strong></span> <span class='ocrx_word' id='word_1_53' title='bbox 1224 825 1347 883; x_wconf 80' lang='grc' dir='ltr'><em>εἶχον.</em></span> <span class='ocrx_word' id='word_1_54' title='bbox 1379 826 1565 885; x_wconf 78' lang='grc' dir='ltr'><strong><em>Ἡμέρας</em></strong></span> 
     </span>
     <span class='ocr_line' id='line_1_8' title="bbox 239 907 1565 965; baseline -0.002 -15"><span class='ocrx_word' id='word_1_55' title='bbox 239 907 277 950; x_wconf 81' lang='grc' dir='ltr'><strong>δ’</strong></span> <span class='ocrx_word' id='word_1_56' title='bbox 308 909 391 965; x_wconf 80' lang='grc' dir='ltr'><strong>ἢδη</strong></span> <span class='ocrx_word' id='word_1_57' title='bbox 402 938 547 949; x_wconf 89' lang='grc'><strong><em>......</em></strong></span> <span class='ocrx_word' id='word_1_58' title='bbox 614 910 728 949; x_wconf 89' lang='lat' dir='ltr'><strong>Nihil</strong></span> <span class='ocrx_word' id='word_1_59' title='bbox 750 909 1010 964; x_wconf 64' lang='lat' dir='ltr'><strong>›proficiunt3</strong></span> <span class='ocrx_word' id='word_1_60' title='bbox 1050 911 1179 964; x_wconf 82' lang='lat' dir='ltr'>ipsam</span> <span class='ocrx_word' id='word_1_61' title='bbox 1206 910 1316 948; x_wconf 87' lang='lat' dir='ltr'><strong>enim</strong></span> <span class='ocrx_word' id='word_1_62' title='bbox 1341 909 1565 948; x_wconf 81' lang='lat' dir='ltr'><strong>difficulta-</strong></span> 
     </span>
    </p>
   </div>
   <div class='ocr_carea' id='block_1_4' title="bbox 234 986 1562 1826">
    <p class='ocr_par' dir='ltr' id='par_1_4' title="bbox 234 986 1562 1826">
     <span class='ocr_line' id='line_1_9' title="bbox 238 986 1562 1041; baseline -0.002 -14"><span class='ocrx_word' id='word_1_63' title='bbox 238 995 321 1028; x_wconf 85' lang='lat' dir='ltr'><strong>tem</strong></span> <span class='ocrx_word' id='word_1_64' title='bbox 347 1002 433 1028; x_wconf 90' lang='lat' dir='ltr'><strong>non</strong></span> <span class='ocrx_word' id='word_1_65' title='bbox 465 995 664 1041; x_wconf 85' lang='lat' dir='ltr'><strong>tangunt,</strong></span> <span class='ocrx_word' id='word_1_66' title='bbox 699 1001 786 1027; x_wconf 87' lang='lat' dir='ltr'><strong>non</strong></span> <span class='ocrx_word' id='word_1_67' title='bbox 819 986 988 1028; x_wconf 88' lang='lat' dir='ltr'><strong>tollunt.</strong></span> <span class='ocrx_word' id='word_1_68' title='bbox 1048 987 1144 1037; x_wconf 82' lang='lat' dir='ltr'><strong>Quis</strong></span> <span class='ocrx_word' id='word_1_69' title='bbox 1176 1000 1266 1026; x_wconf 77' lang='lat' dir='ltr'><strong>vero</strong></span> <span class='ocrx_word' id='word_1_70' title='bbox 1297 993 1356 1026; x_wconf 86' lang='lat' dir='ltr'><strong>est</strong></span> <span class='ocrx_word' id='word_1_71' title='bbox 1379 987 1483 1041; x_wconf 88' lang='lat' dir='ltr'><strong>quin</strong></span> <span class='ocrx_word' id='word_1_72' title='bbox 1507 986 1562 1025; x_wconf 82' lang='lat' dir='ltr'><strong>vi-</strong></span> 
     </span>
     <span class='ocr_line' id='line_1_10' title="bbox 237 1060 1561 1118; baseline -0.001 -14"><span class='ocrx_word' id='word_1_73' title='bbox 237 1065 352 1112; x_wconf 81' lang='lat' dir='ltr'><strong>deat,</strong></span> <span class='ocrx_word' id='word_1_74' title='bbox 379 1066 460 1104; x_wconf 90' lang='lat' dir='ltr'><strong>nisi</strong></span> <span class='ocrx_word' id='word_1_75' title='bbox 488 1065 588 1105; x_wconf 85' lang='lat' dir='ltr'><strong>sorte</strong></span> <span class='ocrx_word' id='word_1_76' title='bbox 614 1065 682 1105; x_wconf 93' lang='lat' dir='ltr'><strong>hic</strong></span> <span class='ocrx_word' id='word_1_77' title='bbox 706 1065 800 1106; x_wconf 91' lang='lat' dir='ltr'><strong>solis</strong></span> <span class='ocrx_word' id='word_1_78' title='bbox 825 1073 958 1104; x_wconf 89' lang='lat' dir='ltr'><strong>ortum</strong></span> <span class='ocrx_word' id='word_1_79' title='bbox 983 1064 1156 1105; x_wconf 87' lang='lat' dir='ltr'><strong>describi</strong></span> <span class='ocrx_word' id='word_1_80' title='bbox 1176 1065 1285 1113; x_wconf 85' lang='lat' dir='ltr'><strong>vult,</strong></span> <span class='ocrx_word' id='word_1_81' title='bbox 1310 1060 1464 1118; x_wconf 77' lang='grc' dir='ltr'><em>ημέρας</em></span> <span class='ocrx_word' id='word_1_82' title='bbox 1479 1063 1561 1117; x_wconf 81' lang='grc' dir='ltr'><strong>ἤδη</strong></span> 
     </span>
     <span class='ocr_line' id='line_1_11' title="bbox 237 1135 1561 1200; baseline -0.001 -17"><span class='ocrx_word' id='word_1_83' title='bbox 237 1137 466 1198; x_wconf 79' lang='grc' dir='ltr'><em>διαυγώσης</em></span> <span class='ocrx_word' id='word_1_84' title='bbox 492 1151 531 1184; x_wconf 83' lang='lat' dir='ltr'><strong>et</strong></span> <span class='ocrx_word' id='word_1_85' title='bbox 557 1136 582 1184; x_wconf 73' lang='grc' dir='ltr'><strong>δ’</strong></span> <span class='ocrx_word' id='word_1_86' title='bbox 606 1157 648 1184; x_wconf 84' lang='grc' dir='ltr'><strong>τε</strong></span> <span class='ocrx_word' id='word_1_87' title='bbox 674 1135 785 1198; x_wconf 80' lang='grc' dir='ltr'><em>ἥλιος</em></span> <span class='ocrx_word' id='word_1_88' title='bbox 796 1174 943 1183; x_wconf 90' lang='grc'><strong>......</strong></span> <span class='ocrx_word' id='word_1_89' title='bbox 988 1140 1196 1195; x_wconf 76' lang='grc' dir='ltr'><em>ἐπέλαμπε</em></span> <span class='ocrx_word' id='word_1_90' title='bbox 1229 1143 1289 1200; x_wconf 76' lang='grc' dir='ltr'><strong>τῷ</strong></span> <span class='ocrx_word' id='word_1_91' title='bbox 1322 1138 1424 1199; x_wconf 80' lang='grc' dir='ltr'><em>ἔργῳ</em></span> <span class='ocrx_word' id='word_1_92' title='bbox 1452 1142 1561 1183; x_wconf 88' lang='lat' dir='ltr'><strong>idem</strong></span> 
     </span>
     <span class='ocr_line' id='line_1_12' title="bbox 236 1221 1561 1276; baseline -0.001 -15"><span class='ocrx_word' id='word_1_93' title='bbox 236 1222 315 1261; x_wconf 87' lang='lat' dir='ltr'><strong>sere</strong></span> <span class='ocrx_word' id='word_1_94' title='bbox 343 1222 490 1272; x_wconf 83' lang='lat' dir='ltr'><strong>valere3</strong></span> <span class='ocrx_word' id='word_1_95' title='bbox 521 1223 659 1275; x_wconf 86' lang='lat' dir='ltr'><strong>itaque</strong></span> <span class='ocrx_word' id='word_1_96' title='bbox 689 1235 820 1263; x_wconf 89' lang='lat' dir='ltr'><strong>unum</strong></span> <span class='ocrx_word' id='word_1_97' title='bbox 839 1229 910 1260; x_wconf 89' lang='lat' dir='ltr'><strong>aut</strong></span> <span class='ocrx_word' id='word_1_98' title='bbox 928 1221 1100 1260; x_wconf 81' lang='lat' dir='ltr'><strong>alterum</strong></span> <span class='ocrx_word' id='word_1_99' title='bbox 1120 1235 1460 1276; x_wconf 87' lang='lat' dir='ltr'><strong>supervacaneum</strong></span> <span class='ocrx_word' id='word_1_100' title='bbox 1480 1235 1561 1261; x_wconf 88' lang='lat' dir='ltr'><strong>esse</strong></span> 
     </span>
     <span class='ocr_line' id='line_1_13' title="bbox 237 1298 1560 1348; baseline 0.001 -11"><span class='ocrx_word' id='word_1_101' title='bbox 237 1298 423 1338; x_wconf 84' lang='lat' dir='ltr'>arbitror.</span> <span class='ocrx_word' id='word_1_102' title='bbox 482 1298 631 1348; x_wconf 85' lang='lat' dir='ltr'><strong>Quodsi</strong></span> <span class='ocrx_word' id='word_1_103' title='bbox 667 1312 758 1338; x_wconf 83' lang='lat' dir='ltr'><strong>vero</strong></span> <span class='ocrx_word' id='word_1_104' title='bbox 792 1299 1064 1338; x_wconf 86' lang='lat' dir='ltr'><strong>concinnitati</strong></span> <span class='ocrx_word' id='word_1_105' title='bbox 1103 1299 1316 1338; x_wconf 85' lang='lat' dir='ltr'><strong>consulens</strong></span> <span class='ocrx_word' id='word_1_106' title='bbox 1352 1298 1459 1338; x_wconf 83' lang='lat' dir='ltr'><strong>illud</strong></span> <span class='ocrx_word' id='word_1_107' title='bbox 1497 1300 1560 1339; x_wconf 89' lang='lat' dir='ltr'><strong>in-</strong></span> 
     </span>
     <span class='ocr_line' id='line_1_14' title="bbox 237 1377 1558 1433; baseline 0 -16"><span class='ocrx_word' id='word_1_108' title='bbox 237 1384 391 1417; x_wconf 87' lang='lat' dir='ltr'><strong>tactum</strong></span> <span class='ocrx_word' id='word_1_109' title='bbox 419 1378 629 1433; x_wconf 84' lang='lat' dir='ltr'><strong>relinquas</strong></span> <span class='ocrx_word' id='word_1_110' title='bbox 657 1377 821 1432; x_wconf 79' lang='lat' dir='ltr'><strong>(etenim</strong></span> <span class='ocrx_word' id='word_1_111' title='bbox 851 1377 1081 1417; x_wconf 86' lang='lat' dir='ltr'><strong>conseratur</strong></span> <span class='ocrx_word' id='word_1_112' title='bbox 1098 1391 1220 1433; x_wconf 88' lang='lat' dir='ltr'><strong>supra</strong></span> <span class='ocrx_word' id='word_1_113' title='bbox 1239 1378 1333 1432; x_wconf 88' lang='lat' dir='ltr'><strong>Cap.</strong></span> <span class='ocrx_word' id='word_1_114' title='bbox 1352 1378 1465 1417; x_wconf 85' lang='lat' dir='ltr'><strong>VIII.</strong></span> <span class='ocrx_word' id='word_1_115' title='bbox 1484 1377 1558 1417; x_wconf 91' lang='lat' dir='ltr'><strong>fin.</strong></span> 
     </span>
     <span class='ocr_line' id='line_1_15' title="bbox 234 1451 1559 1510; baseline 0.001 -15"><span class='ocrx_word' id='word_1_116' title='bbox 234 1454 302 1496; x_wconf 78' lang='grc' dir='ltr'><em>καὶ</em></span> <span class='ocrx_word' id='word_1_117' title='bbox 328 1452 641 1510; x_wconf 79' lang='grc' dir='ltr'><em>συνδραμόντων</em></span> <span class='ocrx_word' id='word_1_118' title='bbox 668 1451 931 1508; x_wconf 77' lang='grc' dir='ltr'><em>πανταχόθεν</em></span> <span class='ocrx_word' id='word_1_119' title='bbox 956 1452 1090 1510; x_wconf 74' lang='grc' dir='ltr'><em>ἡμέρα</em></span> <span class='ocrx_word' id='word_1_120' title='bbox 1111 1452 1188 1508; x_wconf 79' lang='grc' dir='ltr'><strong>μὲν</strong></span> <span class='ocrx_word' id='word_1_121' title='bbox 1207 1451 1445 1507; x_wconf 78' lang='grc' dir='ltr'><em>ὑπέλαμπεν</em></span> <span class='ocrx_word' id='word_1_122' title='bbox 1460 1455 1559 1510; x_wconf 77' lang='grc' dir='ltr'><strong>ἤδη)</strong></span> 
     </span>
     <span class='ocr_line' id='line_1_16' title="bbox 234 1527 1558 1592; baseline 0.001 -18"><span class='ocrx_word' id='word_1_123' title='bbox 234 1534 313 1574; x_wconf 89' lang='lat' dir='ltr'><strong>hoc</strong></span> <span class='ocrx_word' id='word_1_124' title='bbox 339 1542 474 1574; x_wconf 85' lang='lat' dir='ltr'><strong>autem</strong></span> <span class='ocrx_word' id='word_1_125' title='bbox 498 1527 523 1574; x_wconf 76' lang='grc' dir='ltr'><strong>δ’</strong></span> <span class='ocrx_word' id='word_1_126' title='bbox 548 1549 590 1575; x_wconf 85' lang='grc' dir='ltr'><strong>τε</strong></span> <span class='ocrx_word' id='word_1_127' title='bbox 611 1527 723 1588; x_wconf 80' lang='grc' dir='ltr'><em>ἥλιος</em></span> <span class='ocrx_word' id='word_1_128' title='bbox 744 1531 872 1582; x_wconf 69' lang='grc' dir='ltr'><em>εὐθύς</em></span> <span class='ocrx_word' id='word_1_129' title='bbox 896 1531 1104 1586; x_wconf 76' lang='grc' dir='ltr'><em>ἐπέλαμπε</em></span> <span class='ocrx_word' id='word_1_130' title='bbox 1128 1535 1188 1591; x_wconf 75' lang='grc' dir='ltr'><strong>τῷ</strong></span> <span class='ocrx_word' id='word_1_131' title='bbox 1212 1531 1336 1592; x_wconf 78' lang='grc' dir='ltr'><em>ἔργῳ,</em></span> <span class='ocrx_word' id='word_1_132' title='bbox 1360 1536 1470 1590; x_wconf 87' lang='lat' dir='ltr'><strong>quod</strong></span> <span class='ocrx_word' id='word_1_133' title='bbox 1489 1536 1558 1575; x_wconf 77' lang='lat' dir='ltr'><strong>fri·</strong></span> 
     </span>
     <span class='ocr_line' id='line_1_17' title="bbox 234 1612 1559 1669; baseline 0.002 -17"><span class='ocrx_word' id='word_1_134' title='bbox 234 1613 376 1668; x_wconf 85' lang='lat' dir='ltr'><strong>gidum</strong></span> <span class='ocrx_word' id='word_1_135' title='bbox 414 1621 488 1660; x_wconf 89' lang='lat' dir='ltr'><strong>est,</strong></span> <span class='ocrx_word' id='word_1_136' title='bbox 531 1614 681 1668; x_wconf 89' lang='lat' dir='ltr'><strong>quippe</strong></span> <span class='ocrx_word' id='word_1_137' title='bbox 722 1612 882 1652; x_wconf 88' lang='lat' dir='ltr'><strong>librarii</strong></span> <span class='ocrx_word' id='word_1_138' title='bbox 922 1628 1055 1652; x_wconf 79' lang='lat' dir='ltr'><strong>manu</strong></span> <span class='ocrx_word' id='word_1_139' title='bbox 1087 1615 1304 1661; x_wconf 85' lang='lat' dir='ltr'><strong>insertum,</strong></span> <span class='ocrx_word' id='word_1_140' title='bbox 1350 1615 1485 1669; x_wconf 86' lang='lat' dir='ltr'><strong>ejicias</strong></span> <span class='ocrx_word' id='word_1_141' title='bbox 1519 1623 1559 1654; x_wconf 89' lang='lat' dir='ltr'><strong>et</strong></span> 
     </span>
     <span class='ocr_line' id='line_1_18' title="bbox 235 1686 1556 1748; baseline -0.001 -16"><span class='ocrx_word' id='word_1_142' title='bbox 235 1700 434 1747; x_wconf 87' lang='lat' dir='ltr'><strong>punctum</strong></span> <span class='ocrx_word' id='word_1_143' title='bbox 453 1707 581 1748; x_wconf 88' lang='lat' dir='ltr'><strong>ponas</strong></span> <span class='ocrx_word' id='word_1_144' title='bbox 601 1700 689 1747; x_wconf 90' lang='lat' dir='ltr'><strong>post</strong></span> <span class='ocrx_word' id='word_1_145' title='bbox 708 1686 955 1746; x_wconf 74' lang='grc' dir='ltr'><em>διαυγαῖσηςε</em></span> <span class='ocrx_word' id='word_1_146' title='bbox 987 1692 1088 1747; x_wconf 88' lang='lat' dir='ltr'><strong>quid</strong></span> <span class='ocrx_word' id='word_1_147' title='bbox 1108 1692 1329 1732; x_wconf 86' lang='lat' dir='ltr'><strong>dilucidius</strong></span> <span class='ocrx_word' id='word_1_148' title='bbox 1347 1693 1556 1747; x_wconf 80' lang='lat' dir='ltr'><strong>requiras?</strong></span> 
     </span>
     <span class='ocr_line' id='line_1_19' title="bbox 234 1764 1558 1826; baseline -0.001 -17"><span class='ocrx_word' id='word_1_149' title='bbox 234 1770 360 1810; x_wconf 90' lang='lat' dir='ltr'><strong>Locus</strong></span> <span class='ocrx_word' id='word_1_150' title='bbox 381 1771 509 1824; x_wconf 86' lang='lat' dir='ltr'><strong>igitur</strong></span> <span class='ocrx_word' id='word_1_151' title='bbox 529 1771 585 1810; x_wconf 84' lang='lat' dir='ltr'><strong>ita</strong></span> <span class='ocrx_word' id='word_1_152' title='bbox 607 1771 896 1811; x_wconf 86' lang='lat' dir='ltr'><strong>constituatur:</strong></span> <span class='ocrx_word' id='word_1_153' title='bbox 926 1769 992 1809; x_wconf 85' lang='grc' dir='ltr'><em>καὶ</em></span> <span class='ocrx_word' id='word_1_154' title='bbox 1010 1766 1056 1810; x_wconf 75' lang='grc' dir='ltr'><strong>τό</strong></span> <span class='ocrx_word' id='word_1_155' title='bbox 1074 1764 1264 1823; x_wconf 73' lang='grc' dir='ltr'><em>φρούριον</em></span> <span class='ocrx_word' id='word_1_156' title='bbox 1281 1764 1384 1809; x_wconf 76' lang='grc' dir='ltr'><em>εἷλον</em></span> <span class='ocrx_word' id='word_1_157' title='bbox 1405 1767 1558 1826; x_wconf 80' lang='grc' dir='ltr'><em>ἡμέρας</em></span> 
     </span>
    </p>
   </div>
   <div class='ocr_carea' id='block_1_5' title="bbox 232 1844 1552 1903">
    <p class='ocr_par' dir='ltr' id='par_1_5' title="bbox 232 1844 1552 1903">
     <span class='ocr_line' id='line_1_20' title="bbox 232 1844 1552 1903; baseline 0.001 -15"><span class='ocrx_word' id='word_1_158' title='bbox 232 1847 321 1903; x_wconf 77' lang='grc' dir='ltr'><strong>ἤδη</strong></span> <span class='ocrx_word' id='word_1_159' title='bbox 330 1844 569 1903; x_wconf 77' lang='grc' dir='ltr'><em>διαυγιόσης.</em></span> <span class='ocrx_word' id='word_1_160' title='bbox 593 1847 680 1888; x_wconf 86' lang='grc' dir='ltr'><em>Καὶ</em></span> <span class='ocrx_word' id='word_1_161' title='bbox 696 1845 831 1903; x_wconf 74' lang='grc' dir='ltr'><em>παρῆν</em></span> <span class='ocrx_word' id='word_1_162' title='bbox 843 1847 888 1889; x_wconf 77' lang='grc' dir='ltr'><strong>ἐκ</strong></span> <span class='ocrx_word' id='word_1_163' title='bbox 898 1849 1099 1896; x_wconf 77' lang='grc' dir='ltr'><strong><em>Σικυῶνος</em></strong></span> <span class='ocrx_word' id='word_1_164' title='bbox 1110 1846 1138 1902; x_wconf 81' lang='grc' dir='ltr'><strong>η’</strong></span> <span class='ocrx_word' id='word_1_165' title='bbox 1153 1846 1275 1902; x_wconf 74' lang='grc' dir='ltr'><em>λοιπή</em></span> <span class='ocrx_word' id='word_1_166' title='bbox 1285 1845 1459 1900; x_wconf 76' lang='grc' dir='ltr'><em>δύναμις</em></span> <span class='ocrx_word' id='word_1_167' title='bbox 1473 1846 1552 1889; x_wconf 74' lang='grc' dir='ltr'><strong>κτὲ.</strong></span> 
     </span>
    </p>
   </div>
   <div class='ocr_carea' id='block_1_6' title="bbox 718 2039 1068 2080">
    <p class='ocr_par' dir='ltr' id='par_1_6' title="bbox 718 2039 1068 2080">
     <span class='ocr_line' id='line_1_21' title="bbox 718 2039 1068 2080; baseline 0.003 -2"><span class='ocrx_word' id='word_1_168' title='bbox 718 2039 745 2078; x_wconf 92' lang='lat' dir='ltr'>C</span> <span class='ocrx_word' id='word_1_169' title='bbox 767 2039 800 2078; x_wconf 85' lang='lat' dir='ltr'>A</span> <span class='ocrx_word' id='word_1_170' title='bbox 821 2040 862 2080; x_wconf 91' lang='lat' dir='ltr'><strong>P.</strong></span> <span class='ocrx_word' id='word_1_171' title='bbox 921 2040 1068 2079; x_wconf 88' lang='lat' dir='ltr'><strong>XXIII.</strong></span> 
     </span>
    </p>
   </div>
   <div class='ocr_carea' id='block_1_7' title="bbox 230 2161 1554 2459">
    <p class='ocr_par' dir='ltr' id='par_1_7' title="bbox 231 2161 1554 2299">
     <span class='ocr_line' id='line_1_22' title="bbox 290 2161 1554 2220; baseline 0.002 -14"><span class='ocrx_word' id='word_1_172' title='bbox 290 2167 323 2206; x_wconf 94' lang='lat'><strong>1.</strong></span> <span class='ocrx_word' id='word_1_173' title='bbox 378 2163 489 2207; x_wconf 82' lang='grc' dir='ltr'><em>Ἐπεὶ</em></span> <span class='ocrx_word' id='word_1_174' title='bbox 515 2164 553 2206; x_wconf 74' lang='grc' dir='ltr'><strong>δ’</strong></span> <span class='ocrx_word' id='word_1_175' title='bbox 580 2163 777 2220; x_wconf 77' lang='grc' dir='ltr'><em>ἀσφαλῶς</em></span> <span class='ocrx_word' id='word_1_176' title='bbox 803 2161 1074 2207; x_wconf 74' lang='grc' dir='ltr'><em>ἐδόκει-πάντ’</em></span> <span class='ocrx_word' id='word_1_177' title='bbox 1095 2163 1220 2218; x_wconf 73' lang='grc' dir='ltr'><em>ἔχειν,</em></span> <span class='ocrx_word' id='word_1_178' title='bbox 1246 2163 1476 2219; x_wconf 69' lang='grc' dir='ltr'><em>κατέβαινεν</em></span> <span class='ocrx_word' id='word_1_179' title='bbox 1499 2168 1554 2216; x_wconf 77' lang='grc' dir='ltr'><strong>εἰς</strong></span> 
     </span>
     <span class='ocr_line' id='line_1_23' title="bbox 231 2240 954 2299; baseline -0.003 -14"><span class='ocrx_word' id='word_1_180' title='bbox 231 2240 278 2285; x_wconf 74' lang='grc' dir='ltr'><strong>τό</strong></span> <span class='ocrx_word' id='word_1_181' title='bbox 304 2240 480 2299; x_wconf 72' lang='grc' dir='ltr'><em>θέατρον</em></span> <span class='ocrx_word' id='word_1_182' title='bbox 510 2240 609 2285; x_wconf 63' lang='lat' dir='ltr'><strong>dno*</strong></span> <span class='ocrx_word' id='word_1_183' title='bbox 646 2244 738 2298; x_wconf 82' lang='grc' dir='ltr'><strong>τῆς</strong></span> <span class='ocrx_word' id='word_1_184' title='bbox 775 2246 954 2298; x_wconf 76' lang='grc' dir='ltr'><em>ἄκρας,</em></span> 
     </span>
    </p>

    <p class='ocr_par' dir='ltr' id='par_1_8' title="bbox 230 2319 1552 2459">
     <span class='ocr_line' id='line_1_24' title="bbox 284 2319 1552 2378; baseline 0.002 -15"><span class='ocrx_word' id='word_1_185' title='bbox 284 2319 366 2363; x_wconf 81' lang='grc' dir='ltr'><em>α’πό</em></span> <span class='ocrx_word' id='word_1_186' title='bbox 383 2323 455 2376; x_wconf 83' lang='grc' dir='ltr'><strong>τῆς</strong></span> <span class='ocrx_word' id='word_1_187' title='bbox 472 2325 617 2376; x_wconf 74' lang='grc' dir='ltr'><em>ἄκρας]</em></span> <span class='ocrx_word' id='word_1_188' title='bbox 661 2323 715 2362; x_wconf 86' lang='lat' dir='ltr'><strong>Be</strong></span> <span class='ocrx_word' id='word_1_189' title='bbox 735 2337 916 2378; x_wconf 89' lang='lat' dir='ltr'><strong>quonam</strong></span> <span class='ocrx_word' id='word_1_190' title='bbox 930 2323 1011 2363; x_wconf 82' lang='lat' dir='ltr'><strong>alio</strong></span> <span class='ocrx_word' id='word_1_191' title='bbox 1026 2323 1118 2362; x_wconf 90' lang='lat' dir='ltr'><strong>loco</strong></span> <span class='ocrx_word' id='word_1_192' title='bbox 1132 2324 1422 2366; x_wconf 83' lang='lat' dir='ltr'><strong>descendisset?</strong></span> <span class='ocrx_word' id='word_1_193' title='bbox 1449 2326 1552 2366; x_wconf 85' lang='lat' dir='ltr'><strong>Haec</strong></span> 
     </span>
     <span class='ocr_line' id='line_1_25' title="bbox 230 2399 1552 2459; baseline 0.002 -17"><span class='ocrx_word' id='word_1_194' title='bbox 230 2411 325 2443; x_wconf 86' lang='lat' dir='ltr'><strong>sunt</strong></span> <span class='ocrx_word' id='word_1_195' title='bbox 353 2403 569 2456; x_wconf 81' lang='lat' dir='ltr'><strong>magistelli</strong></span> <span class='ocrx_word' id='word_1_196' title='bbox 591 2404 638 2444; x_wconf 74' lang='grc' dir='ltr'><strong>τό</strong></span> <span class='ocrx_word' id='word_1_197' title='bbox 664 2399 918 2456; x_wconf 76' lang='grc' dir='ltr'><em>κατέβαινεν</em></span> <span class='ocrx_word' id='word_1_198' title='bbox 942 2403 1201 2459; x_wconf 86' lang='lat' dir='ltr'><strong>explicantis,</strong></span> <span class='ocrx_word' id='word_1_199' title='bbox 1224 2418 1326 2459; x_wconf 83' lang='lat' dir='ltr'><strong>quae</strong></span> <span class='ocrx_word' id='word_1_200' title='bbox 1345 2411 1424 2444; x_wconf 87' lang='lat' dir='ltr'><strong>tam</strong></span> <span class='ocrx_word' id='word_1_201' title='bbox 1446 2405 1552 2445; x_wconf 87' lang='lat' dir='ltr'><strong>clare</strong></span> 
     </span>
    </p>
   </div>
   <div class='ocr_carea' id='block_1_8' title="bbox 230 2482 1521 2536">
    <p class='ocr_par' dir='ltr' id='par_1_9' title="bbox 230 2482 1521 2536">
     <span class='ocr_line' id='line_1_26' title="bbox 230 2482 1521 2536; baseline 0.002 -15"><span class='ocrx_word' id='word_1_202' title='bbox 230 2483 316 2536; x_wconf 85' lang='lat' dir='ltr'><strong>ipsa</strong></span> <span class='ocrx_word' id='word_1_203' title='bbox 339 2489 535 2536; x_wconf 82' lang='lat' dir='ltr'><strong>apparent</strong></span> <span class='ocrx_word' id='word_1_204' title='bbox 556 2489 601 2521; x_wconf 89' lang='lat' dir='ltr'><strong>ut</strong></span> <span class='ocrx_word' id='word_1_205' title='bbox 628 2482 766 2522; x_wconf 88' lang='lat' dir='ltr'><strong>addita</strong></span> <span class='ocrx_word' id='word_1_206' title='bbox 793 2482 981 2535; x_wconf 84' lang='lat' dir='ltr'><strong>frigeant.</strong></span> <span class='ocrx_word' id='word_1_207' title='bbox 1028 2483 1255 2535; x_wconf 85' lang='lat' dir='ltr'><strong>Ejiciantur</strong></span> <span class='ocrx_word' id='word_1_208' title='bbox 1280 2482 1406 2536; x_wconf 86' lang='lat' dir='ltr'><strong>igitur</strong></span> <span class='ocrx_word' id='word_1_209' title='bbox 1434 2484 1521 2523; x_wconf 85' lang='lat' dir='ltr'><strong>ista.</strong></span> 
     </span>
    </p>
   </div>
   <div class='ocr_carea' id='block_1_9' title="bbox 284 2634 1551 2696">
    <p class='ocr_par' dir='ltr' id='par_1_10' title="bbox 284 2634 1551 2696">
     <span class='ocr_line' id='line_1_27' title="bbox 284 2634 1528 2680; baseline 0.002 -2"><span class='ocrx_word' id='word_1_210' title='bbox 284 2639 310 2678; x_wconf 91' lang='lat'>9</span> <span class='ocrx_word' id='word_1_211' title='bbox 384 2640 458 2680; x_wconf 82' lang='lat' dir='ltr'><strong>T·</strong></span> <span class='ocrx_word' id='word_1_212' title='bbox 517 2637 555 2679; x_wconf 76' lang='grc' dir='ltr'><strong>δ’</strong></span> <span class='ocrx_word' id='word_1_213' title='bbox 607 2637 675 2679; x_wconf 77' lang='grc' dir='ltr'><strong>’θ</strong></span> <span class='ocrx_word' id='word_1_214' title='bbox 725 2634 736 2652; x_wconf 92' lang='grc'>’</span> <span class='ocrx_word' id='word_1_215' title='bbox 867 2634 887 2649; x_wconf 83' lang='lat'><strong>‘¹</strong></span> <span class='ocrx_word' id='word_1_216' title='bbox 1020 2640 1040 2650; x_wconf 69' lang='lat'><strong>⁶</strong></span> <span class='ocrx_word' id='word_1_217' title='bbox 1341 2644 1362 2654; x_wconf 70' lang='lat'><strong>&#39;⁸&#39;</strong></span> <span class='ocrx_word' id='word_1_218' title='bbox 1472 2639 1483 2655; x_wconf 87' lang='lat'>&#39;</span> <span class='ocrx_word' id='word_1_219' title='bbox 1518 2639 1528 2653; x_wconf 63' lang='lat'>³</span> 
     </span>
     <span class='ocr_line' id='line_1_28' title="bbox 314 2642 1551 2696; baseline 0.002 -17"><span class='ocrx_word' id='word_1_220' title='bbox 314 2670 322 2679; x_wconf 96' lang='lat'><strong>.</strong></span> <span class='ocrx_word' id='word_1_221' title='bbox 423 2655 481 2680; x_wconf 88' lang='grc' dir='ltr'><strong>ων</strong></span> <span class='ocrx_word' id='word_1_222' title='bbox 590 2655 641 2680; x_wconf 88' lang='grc' dir='ltr'><strong>αν</strong></span> <span class='ocrx_word' id='word_1_223' title='bbox 676 2654 825 2695; x_wconf 90' lang='grc' dir='ltr'><em>ρωπων</em></span> <span class='ocrx_word' id='word_1_224' title='bbox 857 2656 947 2692; x_wconf 87' lang='grc' dir='ltr'><strong>αμα</strong></span> <span class='ocrx_word' id='word_1_225' title='bbox 980 2655 1037 2696; x_wconf 78' lang='grc' dir='ltr'><strong>τῳ</strong></span> <span class='ocrx_word' id='word_1_226' title='bbox 1077 2642 1389 2693; x_wconf 73' lang='grc' dir='ltr'><em>προσελθειν</em></span> <span class='ocrx_word' id='word_1_227' title='bbox 1428 2657 1551 2683; x_wconf 87' lang='grc' dir='ltr'><em>αυτον</em></span> 
     </span>
    </p>
   </div>
   <div class='ocr_carea' id='block_1_10' title="bbox 228 2714 1549 2776">
    <p class='ocr_par' dir='ltr' id='par_1_11' title="bbox 228 2714 1549 2776">
     <span class='ocr_line' id='line_1_29' title="bbox 228 2714 1549 2776; baseline 0.001 -17"><span class='ocrx_word' id='word_1_228' title='bbox 228 2714 488 2771; x_wconf 74' lang='grc' dir='ltr'><em>ἐκχυθέντων</em></span> <span class='ocrx_word' id='word_1_229' title='bbox 520 2720 608 2768; x_wconf 79' lang='grc' dir='ltr'><em>ταῖς</em></span> <span class='ocrx_word' id='word_1_230' title='bbox 631 2716 947 2776; x_wconf 78' lang='grc' dir='ltr'><em>φιλοφροσύναις</em></span> <span class='ocrx_word' id='word_1_231' title='bbox 969 2716 1210 2773; x_wconf 71' lang='grc' dir='ltr'><em>μεταλαβών</em></span> <span class='ocrx_word' id='word_1_232' title='bbox 1233 2719 1290 2768; x_wconf 85' lang='grc' dir='ltr'><strong>εἷς</strong></span> <span class='ocrx_word' id='word_1_233' title='bbox 1317 2717 1391 2775; x_wconf 77' lang='grc' dir='ltr'><strong>τήν</strong></span> <span class='ocrx_word' id='word_1_234' title='bbox 1418 2716 1549 2769; x_wconf 70' lang='grc' dir='ltr'><em>δεξιάν</em></span> 
     </span>
    </p>
   </div>
  </div>
 </body>
</html>
