1894 3371
0 3353 77 3371 »sak-'1
87 3361 116 3371 10-

722 311 962 353 ..m-.-

180 429 432 489 reddidstcjue
458 434 641 488 ineptum
665 440 704 473 et
730 431 959 473 absurdum.
1005 433 1105 472 Nam
1131 434 1203 488 qui
1230 434 1391 474 tandem
1410 433 1496 473 fieri

181 521 308 567 potest
332 520 396 560 ut,
437 526 519 567 quo
550 513 642 568 quis
670 513 758 567 jam
790 512 936 560 fertur,
958 511 1018 552 ‘eo
1042 520 1254 553 avertatur.
1302 514 1497 568 Ejiciatur

179 593 307 645 igitur
329 591 725 646 interpolamentum.

234 750 275 790 7.
331 742 433 790 ὥστε
448 745 519 790 τόν
535 740 719 789 θάνατον
735 744 848 805 αὐτῷ
855 777 869 797 ,
890 746 1028 802 καίπερ
1043 750 1125 790 ὄντι
1143 745 1220 807 νέῳ
1238 748 1305 790 καὶ
1321 747 1496 791 α’νθοῦν-

112 821 116 836 ’
179 842 235 875 τι,
250 826 254 830 ’
270 824 331 881 μῆ
364 823 599 880 συμφοράν,
635 823 724 866 ἀλλ’
759 821 958 867 ἀπόλυσιν
989 828 1123 867 κακῶν
1158 827 1241 880 [καὶ
1278 827 1495 882 σωτηρίαν]

178 901 381 960 γενέσθαι.

235 987 394 1042 Optime
422 985 585 1025 Codices
604 986 651 1026 Α.
663 985 706 1025 Β.
718 985 812 1025 1).C.
842 985 1037 1024 omittunt
1054 982 1121 1024 καὶ
1137 982 1349 1039 σωτηρίαν.
1381 986 1498 1026 Recte

181 1080 287 1104 mors
327 1065 478 1105 dicitur
512 1078 592 1105 esse
631 1059 827 1112 οἷπόλυσις
863 1064 1015 1113 κακῶν,
1052 1079 1136 1104 non
1177 1066 1271 1105 item
1306 1063 1495 1120 σωτηρία.

180 1141 358 1199 σωτηρία
382 1144 490 1184 enim
515 1142 638 1183 tribui
667 1143 766 1183 solet
791 1144 892 1190 vivo,
921 1145 994 1198 qui
1017 1157 1040 1181 a
1067 1144 1234 1183 miseriis
1255 1144 1495 1184 vindicatur.

237 1302 298 1340 15.
340 1296 609 1340 Ἀποκτείνων
627 1296 664 1338 δ’
681 1294 743 1338 οἷεὶ
759 1295 853 1346 τούς
869 1294 1056 1352 α’ρίστους
1072 1297 1139 1338 καὶ
1165 1294 1497 1352 συγγενεστά-

180 1392 300 1426 τους
340 1375 484 1433 φρῖκης
522 1373 712 1430 ἐνέπλησε
753 1375 820 1416 καὶ
857 1374 1001 1427 μίσους
1040 1371 1138 1430 ὅλην
1181 1373 1255 1430 τήν
1295 1376 1499 1429 βασιλείαν

180 1455 280 1514 πρός
302 1453 438 1500 αὐτόν.

239 1537 279 1575 Si
317 1535 556 1575 Plutarchus
595 1535 724 1573 dicere
760 1534 947 1572 voluisset
980 1538 1074 1571 alios
1111 1549 1191 1572 esse
1219 1540 1378 1585 optImos
1405 1540 1499 1573 alios

183 1621 403 1667 cognatione
425 1619 641 1665 proximos,
666 1628 759 1664 quos
787 1615 1018 1663 interficeret
1035 1613 1262 1664 Philippus,
1285 1614 1500 1668 scripsisset

182 1692 248 1734 καὶ
273 1685 744 1746 τοΰςσυγγενεστοῖτουςς
787 1691 851 1730 sin
887 1691 1074 1730 voluisset
1099 1697 1258 1742 optimos
1285 1707 1377 1743 quos
1406 1700 1500 1731 occi-

181 1778 310 1820 deret,
347 1776 493 1810 eosdem
531 1786 611 1810 esse
639 1775 860 1822 cognatione
882 1776 1098 1820 proximoS,
1126 1770 1358 1824 scripsisset,
1386 1772 1498 1825 quod

182 1865 275 1891 usus
303 1851 493 1905 requirit,
521 1844 782 1890 Ἀποκτείνων
807 1844 845 1887 δ’
871 1843 934 1887 dn*
959 1843 1053 1895 τους
1080 1844 1266 1902 α’ρίστους
1291 1849 1374 1890 τῶν
1401 1862 1500 1903 συγ-

180 1923 446 1984 γενεστάτων,·
471 1936 512 1968 at
535 1928 578 1967 id
602 1927 765 1967 horrore
788 1941 873 1966 non
898 1934 1030 1967 totum
1052 1941 1220 1982 regnum
1244 1929 1497 1983 implevisset.

182 2009 257 2048 Sed
293 2008 493 2049 levissima
532 2008 756 2047 mutatione
795 2006 1079 2060 corrigendum
1109 2015 1187 2055 est,
1222 2007 1334 2062 quod
1362 2008 1500 2048 Noster

182 2087 353 2127 omnino
370 2087 588 2142 scripsisse,
610 2086 801 2126 librarius
819 2087 975 2126 vitiasse
994 2086 1171 2135 videtur,
1191 2075 1500 2139 fv’J‘ftha'rovg.

183 2155 280 2206 Vide
320 2167 362 2205 in
403 2166 470 2205 vit.
508 2165 708 2205 Ciceronis
745 2179 834 2219 pag.
863 2164 965 2214 881,
995 2165 1041 2204 A.
1090 2162 1157 2203 καὶ
1183 2161 1331 2216 σχεδδν
1357 2163 1402 2205 ἐκ
1428 2166 1502 2220 τῆς

182 2240 281 2297 πρός
307 2238 473 2290 τούτους
500 2240 719 2296 συνηθείας
744 2238 1045 2295 εὐγενεστάτους
1071 2241 1137 2283 καὶ
1160 2247 1343 2298 πρώτους
1363 2246 1499 2294 ὄντας,

184 2315 309 2369 αὖθις
335 2317 474 2373 ἴσχυεν
500 2320 544 2361 ἓν
570 2322 626 2377 τῇ
652 2316 764 2361 πόλει
788 2316 989 2373 μέγιστον.

235 2483 305 2523 24.
364 2479 427 2523 Τδ
460 2480 498 2522 δ’
523 2477 703 2538 Ἀρσίτου
737 2480 847 2536 γένος
879 2479 922 2523 ἔν
949 2497 990 2523 τε
1016 2482 1188 2524 Σικυῶνι
1216 2481 1283 2523 καὶ
1308 2483 1364 2539 τῇ
1391 2483 1501 2524 Πελ-

183 2562 287 2618 λήνῃ
322 2557 544 2614 διέμεινε
580 2558 696 2602 καθ’
730 2558 874 2616 ἡμᾶς.

239 2640 419 2680 Primum
450 2640 667 2681 articulum
695 2640 751 2697 τῇ
778 2628 1083 2695 adjungendum
1104 2653 1182 2679 esse
1203 2639 1375 2681 Σικυῶνι
1398 2654 1502 2695 quae

186 2725 410 2773 sequuntur
436 2718 491 2776 τῇ
526 2714 720 2776 Πελλήνῃ
747 2720 951 2760 evincunt.
977 2742 1025 2750 -
1045 2718 1196 2760 Deinde
1221 2720 1500 2773 corrigendum
