1894 3371
795 303 1004 348 -9-.

231 430 379 480 deinde
409 425 512 484 quid
538 440 651 483 agere
668 427 815 484 ¹potuit
840 427 1007 479 Aratus,
1036 426 1068 467 si
1097 426 1216 483 pauci
1246 428 1408 469 tantum
1432 427 1553 470 amici

231 511 268 549 ei
284 524 286 526 ·
302 509 440 565 deceni
486 507 590 546 viros
627 506 930 562 praebuissent.-
964 531 1015 536 ——
1053 506 1160 556 Quid
1193 514 1327 547 autem
1358 521 1433 562 pro
1467 489 1554 548 istis

231 585 523 630 oestituendum
553 586 936 642 sit‘pefscrutemur.
998 585 1037 625 Si
1065 585 1186 625 amici
1214 593 1254 626 et
1279 585 1455 642 hospites
1482 601 1553 643 pa—

232 663 480 718 teruieopem
510 664 633 704 Arato
660 663 867 709 tulissent,
901 676 989 702 non
1020 663 1157 717 potuit
1182 677 1269 703 non
1293 664 1552 716 Plutarchus,

230 743 330 799 quia
365 742 412 782 in
449 750 565 783 tanto
599 742 834 783 discrimine
872 740 996 781 fide'm
1037 754 1189 782 servare
1219 757 1416 798 magnum
1446 748 1551 793 erat,

230 835 296 863 eos
320 823 465 873 diserte
488 835 709 863 memorare
734 829 781 861 ut
799 829 841 861 et
859 835 979 875 supra
1001 829 1306 871 commemorat,
1325 823 1554 862 conferatur

231 883 433 957 Cap2111.
461 902 554 944 init.
614 895 871 957 Τρεφόμενος
896 896 945 941 δὲ
966 894 1081 955 παρα
1097 901 1183 948 τοῖς
1207 898 1252 943 ἐν
1266 900 1408 956 Ἀργει
1429 896 1555 950 ξένοις

229 978 298 1020 καὶ
324 978 453 1032 φᾱοις
473 973 673 1037 πατρῴοις
709 986 748 1019 et
786 979 881 1034 Cap.
910 979 979 1018 IV.
1008 978 1082 1017 fin.
1150 979 1289 1033 Neque
1330 993 1420 1017 vero
1456 981 1552 1019 veri-

229 1055 363 1097 simile
384 1057 543 1097 videtur
570 1057 718 1097 amicos
742 1064 783 1096 et
811 1055 985 1111 hospites
1005 1063 1192 1111 paternos
1217 1064 1317 1096 tunc
1337 1055 1551 1097 deseruisse

228 1135 416 1183 Aratum,
451 1136 678 1176 conseratur
710 1135 825 1176 locus
865 1135 985 1175 modo
1030 1136 1196 1178 citatus:
1232 1127 1473 1176 ὖποπτεῦων
1504 1132 1553 1176 δὲ

230 1214 445 1269 (Nicocles)
476 1216 562 1261 τοῖς
593 1214 827 1266 βασιλεῦσιν
859 1208 985 1253 αὖτδν
1012 1208 1276 1266 διαλέγεσθαι
1307 1210 1440 1267 φᾶοις
1461 1207 1552 1255 οὖσι

229 1290 297 1333 καὶ
319 1288 443 1340 ξένοις
458 1285 669 1350 πατρῴοις.
713 1288 803 1332 Καὶ
822 1285 899 1345 γάρ
917 1286 1090 1345 ἀληθῶς
1104 1287 1129 1331 ὁ
1137 1290 1307 1345 Ἄρατος
1322 1288 1553 1347 ἐπεχείρησε

227 1367 302 1424 τήν
333 1367 430 1410 ὁδόν
452 1368 603 1424 ἐκείνην
625 1366 817 1422 βαδίζειν.
842 1366 921 1410 κτέ.
962 1370 1270 1423 -Reponendum
1296 1372 1424 1424 igitur
1447 1371 1550 1411 mihi

228 1449 386 1491 videtur
406 1464 478 1504 pro
491 1447 536 1497 ἐξ
559 1444 704 1502 ὀλίγων
727 1445 808 1489 καὶ
835 1443 992 1496 ξένων
1020 1448 1293 1503 πατρικῶν.
1322 1450 1556 1492 Promiscue

229 1528 338 1569 enim
360 1527 599 1567 Plutarchus
611 1556 621 1574 ,
649 1540 900 1582 quamquam
921 1527 1082 1581 proprie
1100 1526 1269 1567 scribere
1286 1527 1428 1568 debuit
1445 1525 1551 1576 ξένοι

227 1603 431 1663 πατρικοί,
466 1605 683 1664 confundit
714 1596 861 1648 sor'mas
888 1607 1073 1666 πατρῷος
1100 1615 1140 1648 et
1167 1600 1366 1663 πατρικός.
1411 1609 1551 1652 Conse·

226 1694 339 1727 ratur
360 1686 495 1741 Pelop.
521 1686 617 1740 Pag.
647 1685 752 1733 294,
776 1686 822 1726 Ι).
877 1683 1084 1740 Θηβαίους
1105 1684 1153 1727 δὲ
1177 1683 1393 1743 πατρικοιῖς
1406 1686 1552 1744 φίλους

227 1762 480 1817 νομίζεσθαι.
524 1765 692 1806 Eumen.
728 1765 823 1820 Pag.
853 1764 952 1812 583,
980 1766 1023 1806 B.
1066 1762 1136 1807 δαὶ
1161 1765 1292 1814 ξενίαν
1316 1765 1385 1808 καὶ
1411 1767 1550 1822 φιλίαν

227 1837 433 1902 πατρωαν.
460 1844 597 1899 Pomp.
627 1844 720 1898 Pag.
752 1843 853 1894 659,
883 1844 923 1883 F.
961 1840 1097 1898 φιλίας
1122 1840 1170 1885 δὲ
1192 1842 1260 1885 καὶ
1278 1840 1446 1899 χάριτος
1466 1860 1550 1887 πα-

226 1916 356 1979 τρῳἀς
388 1917 610 1976 ὑπόχρεων.
668 1923 750 1962 Cat.
785 1923 881 1962 Min.
917 1923 1008 1978 Pag.
1037 1923 1140 1972 760,
1171 1924 1212 1964 F.
1267 1919 1385 1977 ἔτυχε
1410 1922 1461 1966 δὲ
1481 1923 1549 1966 καὶ

226 1999 344 2057 φὰος
369 1997 428 2044 ὦν
453 1998 478 2044 ό
505 1999 668 2051 Σύλλας
692 1997 881 2058 πατρικὸς
907 1998 1057 2051 αυτοῖς.

283 2161 346 2202 13.
400 2174 472 2208 ους
496 2156 577 2201 ἔδει
612 2158 712 2214 πρός
747 2175 818 2201 τον
855 2157 1058 2214 κηπουρόν
1085 2156 1312 2214 ἀφικέσθαι
1339 2159 1549 2211 σκοταίους

225 2234 455 2294 φάσκοντας
476 2231 710 2294 ὁδοιπόρους
739 2233 839 2279 εἶναι
866 2236 933 2279 καὶ
956 2234 1327 2292 καταυλισαμένους
1356 2236 1480 2282 αὐτόν
1506 2255 1548 2282 τε

226 2319 526 2372 συγκλεῖσαι
554 2316 620 2358 καὶ
647 2314 742 2366 τούς
769 2314 904 2366 κύνας·

280 2397 356 2438 Pro
383 2397 612 2451 συγκλεῖσαι
639 2395 918 2452 reponendum
945 2395 1049 2443 mihi
1079 2397 1235 2438 videtur
1255 2396 1464 2452 ἐγκλεῖσαι.
1491 2400 1547 2441 De

223 2476 388 2531 pmpria
424 2473 722 2530 significatione
759 2474 868 2514 verbi
906 2473 1118 2528 συγκλείειν
1151 2486 1436 2531 comparentur
1463 2479 1545 2519 loci

225 2554 408 2610 Xenoph,
435 2555 592 2596 Memor.
613 2555 653 2601 Ι,
675 2553 719 2602 4,
739 2554 779 2594 6.
834 2551 1022 2610 βλέφαρα
1040 2553 1085 2596 ἒν
1103 2555 1163 2613 τῷ
1178 2547 1292 2614 ὕπνῳ
1303 2555 1547 2612 συμλείεται

197 2660 200 2663 -
220 2638 692 2689 ραὶρεόι·αεί·1αιιι1ιι1ιιιιν.
742 2635 847 2676 Plut.
884 2636 995 2676 Brut.
1033 2636 1132 2691 Pag.
1169 2636 1292 2685 1009,
1323 2638 1367 2678 D.
1414 2633 1546 2690 στόμα

224 2713 438 2768 συγκλείειν
457 2715 537 2755 ‘ubi
568 2716 674 2755 labra
703 2716 842 2756 Pericl.
875 2716 967 2771 Pag.
1000 2716 1096 2763 170,
1127 2717 1170 2757 D.
1228 2713 1275 2757 τό
1301 2711 1405 2759 ἄστυ
1433 2731 1545 2771 ‹wyn-
