1894 3371
778 301 924 346 ...37
959 328 1011 334 .-

240 463 243 467 .
297 428 362 470 17.
414 425 485 468 καὶ
519 421 625 467 atara*
658 418 842 479 σπουδήν
875 416 1099 479 &meam
1123 418 1397 480 ὖπερβιβοίσας
1413 421 1563 465 ἑκατόν

239 506 407 560 ἄνδρας,
435 499 530 551 τοῦς
556 500 595 544 δ’
619 505 766 552 ἄλλους
791 500 968 544 ἕπεσθαι
993 504 1182 551 κελεύσας
1209 499 1265 551 αἷς
1291 505 1341 548 ἂν
1361 498 1563 544 δύνωνται

171 578 172 584 ’
238 579 437 634 τάχιστα,
468 576 542 630 τοὶς
565 578 761 634 κλίμακας
787 577 993 635 α’ναρπιί
999 593 1092 630 σας
1118 572 1260 635 ἔχω’ρει
1288 577 1358 621 dmi
1383 581 1457 635 τῆς
1483 575 1562 622 πό-

239 661 339 706 λεως
363 655 466 705 μειοῖ
493 660 575 700 τῶν
599 656 744 700 ἑκατόν
769 658 838 700 ἐπὶ
864 656 939 712 τήν
965 662 1100 712 ἄκραν.

294 738 391 788 Quis
418 736 517 778 haec
544 736 718 777 absurda
744 736 979 791 intelligat?
1036 738 1162 778 Locus
1196 738 1423 792 corruptela
1449 737 1560 778 labo-

238 823 312 855 rat.
366 817 444 865 Qui
468 816 566 854 dum
590 816 701 854 enim
724 815 869 855 Aratus
892 816 1047 869 potuit,
1067 817 1243 869 trajectis
1261 823 1426 858 centum
1444 817 1560 866 viris,

240 901 385 935 ceteros
408 892 561 936 hortari
591 901 636 935 ut
659 900 936 949 sequerentur,
967 906 1095 949 quum
1123 897 1237 932 scalis
1263 907 1412 933 sursum
1443 898 1562 945 raptis

170 1003 177 1009 .
240 987 333 1012 cum
369 972 455 1012 illis
493 979 656 1012 centum
693 973 789 1012 viris
824 972 1064 1026 procederet.
1119 972 1194 1012 Sed
1231 973 1324 1012 loco
1360 979 1406 1028 ut
1439 986 1560 1012 sanus

239 1050 403 1098 evadat,
423 1049 668 1090 medicinam
693 1049 886 1090 faciamus
906 1049 1115 1090 inserenda
1134 1050 1240 1090 inter
1257 1046 1561 1103 voce-toixwta

239 1135 279 1169 et
307 1125 382 1175 τοῖς
407 1128 607 1183 particula
635 1126 724 1176 καὶ,
759 1143 863 1182 quae
899 1130 1043 1167 omissa
1075 1128 1239 1168 fortasse
1274 1143 1413 1167 ansam
1447 1130 1562 1169 dedit

240 1205 488 1260 corruptelae
514 1199 752 1256 ἀναρπάσας
778 1219 852 1260 pro
880 1219 964 1259 quo
993 1205 1207 1260 participio
1236 1204 1395 1259 legatur
1417 1205 1562 1246 Infini-

239 1285 343 1323 tivus
380 1276 627 1336 ἀναρπάσαι.
693 1282 921 1322 Scribamus
953 1283 1099 1337 igitur,
1137 1284 1388 1339 transpositis
1425 1298 1562 1323 secun·

238 1361 339 1402 dum
364 1360 570 1416 vulgatam
592 1360 623 1401 1.
650 1359 777 1402 verbis
805 1357 978 1402 ἕπεσθαι
1005 1355 1214 1410 κελεύσας,
1240 1356 1335 1409 τούς
1358 1358 1396 1401 δ’
1416 1363 1565 1410 ἄλλους

238 1436 424 1488 κελεύσας
450 1437 624 1481 ἕπεσθαι
651 1438 707 1488 uic
733 1436 784 1480 ἂν
811 1435 1009 1481 δύνωνται
1036 1434 1211 1491 τάχιστα
1237 1439 1304 1479 καὶ
1327 1436 1400 1488 τας
1423 1438 1563 1492 κλίμα-

238 1533 310 1568 κας
336 1513 566 1575 ἀναρπάσαι
576 1549 590 1569 ,
616 1515 760 1574 ἔχω’ρει
786 1515 866 1560 κτὲ.

294 1694 360 1734 21.
416 1690 511 1732 Καί
539 1705 626 1739 πως
658 1686 716 1732 ἔτι
748 1686 963 1745 πρόσωθεν
999 1687 1136 1739 αὐτοῖς
1163 1686 1325 1745 α’πήντα
1351 1686 1426 1732 σύν
1454 1689 1561 1745 φωτὶ

237 1766 404 1826 φυλακή
428 1762 633 1823 τεσσάρων
659 1765 820 1823 ἀνδρῶν
847 1766 897 1809 ου’
922 1765 1236 1824 καθορωμένοις·
1263 1765 1338 1822 [ἔτι
1358 1767 1435 1824 γάρ
1455 1761 1561 1823 ἦσαν

238 1849 283 1890 ἒν
308 1849 367 1905 τῷ
392 1844 642 1903 σκιαζομένῳ
667 1847 740 1901 τῆς
765 1842 963 1901 σελήνης]
989 1844 1159 1894 ἐκείνους
1185 1844 1233 1886 δὲ
1259 1843 1489 1900 προςιόντας
1515 1846 1560 1897 ἐξ

236 1927 417 1977 ἐναντίας
442 1924 662 1983 καθορῶσι.

294 2010 403 2059 Quae
422 2007 537 2047 uncis
555 2006 703 2045 inclusi
715 2005 1021 2059 Interpolatoris
1041 2020 1210 2045 manum
1230 2015 1421 2060 arguunt.
1447 2008 1557 2047 Pror-

237 2102 302 2128 sus
330 2088 440 2127 enim
469 2084 704 2132 abundant,
740 2085 839 2139 quia
877 2085 997 2124 modo
1026 2086 1116 2139 jam
1149 2086 1321 2139 legimus
1355 2081 1558 2138 οἷνέδραμε

236 2161 342 2219 νέφη
378 2161 446 2204 καὶ
473 2158 643 2215 κατέσχε
671 2144 747 2216 τήν
773 2176 816 2202 τε
842 2158 956 2202 πόλιν
983 2157 1111 2215 av'rq'v
1138 2158 1206 2202 καὶ
1232 2158 1302 2202 τὸν
1328 2158 1406 2211 ἔξω
1433 2158 1559 2204 ’τόπον

237 2241 414 2285 ἐπίσκιον
429 2236 648 2295 γενόμενον.
683 2241 787 2290 Quid
806 2240 917 2294 quod
936 2237 965 2293 ἦ
982 2236 1147 2294 φυλακή
1160 2236 1236 2281 σῦν
1247 2240 1355 2294 φωτὶ
1367 2237 1555 2296 ἀπήνη-αἳ

236 2323 338 2364 Tum
371 2321 462 2362 vide
493 2327 539 2360 ut
574 2319 819 2360 constructio
853 2326 893 2359 et
925 2319 1184 2359 concinnitas
1217 2320 1497 2375 pessumdetur
1524 2324 1556 2362 si

237 2403 313 2442 ista
351 2401 524 2454 accipias
560 2400 763 2452 genuina;
805 2398 1016 2453 καθορῶσι
1052 2400 1163 2439 enim
1199 2386 1399 2454 interpres
1439 2402 1557 2441 vertit

236 2479 536 2531 conspiciebant,
564 2484 604 2516 et
631 2477 810 2532 profecto
836 2484 928 2531 post
953 2476 1062 2516 hanc
1089 2477 1347 2531 parenthesin
1369 2486 1425 2518 est
1444 2480 1555 2534 quod

234 2557 518 2613 Imperfectum
545 2554 813 2609 καθεωρῶντο
830 2555 1007 2609 requiras
1017 2570 1028 2606 3
1061 2569 1197 2594 verum
1215 2563 1272 2595 est
1292 2558 1554 2612 participium

235 2636 479 2691 respondens
507 2642 611 2690 part.
642 2628 940 2688 καθορωμένοις
969 2633 1300 2690 referentiumque
1327 2637 1379 2676 ad
1407 2652 1553 2691 prono·

236 2730 330 2757 men
359 2711 497 2761 αὐτοῖς
507 2742 520 2763 ‚
549 2729 570 2754 a
599 2728 682 2767 quo
710 2713 887 2753 nimium
916 2713 991 2753 ista
1016 2714 1330 2768 interpolatione
1349 2716 1555 2763 divulsum
