1894 3371
13 0 124 11 ········

779 309 1006 352 -43—

229 436 405 494 περιθεὶς
436 431 667 488 ὑποζυγίοις
700 428 821 489 σκεύη
850 429 939 476 uva*
966 430 1281 489 παρημελημένα
1316 430 1548 486 κομίζουσιν

227 515 282 565 εἷς
299 517 452 570 Ἀργος
477 509 692 555 ἀπέστειλε.

271 591 460 647 περιθεὶς
483 592 677 634 exhibent
704 593 864 634 Codices
892 593 934 633 Ρ.
966 593 1014 633 Α.
1044 593 1087 633 Β.
1116 593 1161 632 Ι).
1190 593 1231 632 C.
1264 594 1323 640 1.‚
1361 608 1435 647 pro
1462 607 1546 648 quo

227 671 334 713 verb.
360 672 542 730 Reiskius
560 680 598 713 et
616 671 866 719 schaeferus,
895 678 1055 712 auctore
1073 671 1259 727 Erymo,
1288 672 1427 712 minus
1442 679 1545 712 recte

226 752 424 793 dederunt
452 749 619 799 ἐπιθεὶς.
670 750 852 791 Clitellae
883 744 1109 804 (σάγματα)
1143 752 1254 790 enim
1288 751 1385 790 loris
1415 752 1544 790 ventri

227 829 547 885 subligabantur.
604 828 841 870 Conferatur
868 828 1121 868 Homericum
1149 827 1269 882 (Odd.
1294 828 1336 868 11
1347 846 1361 876 ‚¹
1388 828 1432 883 3)
1459 826 1547 883 περὶ

226 906 274 949 δὲ
298 906 415 963 ξίφος
438 905 514 957 σ’ξΰ
538 904 627 949 θέτ’
653 910 765 965 ὤμῳ.

279 1065 345 1105 25.
402 1058 653 1118 ἀνεχώρησεν
685 1059 864 1119 ἔγκλημα
900 1059 1196 1112 κατεσκευακαῖς
1227 1065 1311 1112 τοῖς
1344 1060 1544 1116 Ἀχαιοῖς,

226 1142 282 1193 αἱς
301 1143 352 1186 «ἓν
378 1139 514 1201 εἰρήνῃ
540 1141 716 1196 πόλεμον
743 1137 1006 1197 ἐξενηνοχόσι.

279 1224 336 1263 Ne
366 1224 457 1279 quis
484 1222 584 1263 forte
612 1222 772 1262 dubitet
796 1236 851 1261 an
869 1235 943 1276 pro
962 1221 1178 1276 participio
1194 1214 1444 1276 ἐξενηνοχόσι
1461 1234 1545 1276 per-

223 1303 372 1342 fectum
399 1301 616 1343 Indicativi
645 1296 925 1354 ἐξενηνόχασι,
952 1300 1062 1354 quod
1084 1301 1130 1339 in
1153 1299 1311 1339 duobus
1331 1298 1544 1339 codicibus

224 1382 267 1423 P.
294 1381 328 1422 Ι.
357 1380 525 1435 legitur,
553 1378 812 1420 scribendum
837 1379 905 1428 sit,
937 1392 1140 1435 apponam
1173 1378 1360 1434 exempla
1392 1391 1414 1418 e
1447 1378 1542 1434 Cap.

224 1462 414 1509 XXVIII,
441 1461 534 1502 init.
562 1457 706 1512 αἰτίαν
725 1455 843 1513 ἔσχεν
869 1456 927 1508 αἶς
952 1455 1229 1513 ἐγκαταλιπών
1254 1456 1325 1501 τόν
1345 1455 1484 1513 &diva
1504 1466 1544 1499 et

224 1541 319 1597 Cap.
349 1541 497 1588 XXXV,
526 1541 627 1580 med.
677 1540 752 1581 τοῦ
779 1536 855 1592 μὲν
880 1533 1049 1592 Ἀράτου
1077 1534 1284 1593 κατηγόρει
1310 1536 1409 1593 πρός
1438 1534 1544 1592 Ἀρι-

222 1616 431 1670 στόμαχον
467 1616 524 1666 ὥς
557 1617 766 1670 δυσμενῶς
803 1615 875 1658 καὶ
912 1610 1190 1664 ἀδιαλλάκτως
1227 1612 1288 1656 ἀεὶ
1324 1611 1422 1669 πρός
1451 1611 1546 1663 rotie

221 1691 438 1752 τυράννους
462 1693 636 1749 ἔχοντος.

276 1855 342 1896 36.
397 1851 477 1896 Aeo*
512 1853 580 1895 καὶ
611 1849 810 1907 βούλομαι
846 1851 916 1895 τόν
948 1849 1067 1922 him
1102 1848 1322 1908 ἐπιστήσας
1353 1846 1543 1895 ἐνταῦθά

220 1948 316 1975 που
344 1932 562 1982 διεξελθεῖν
589 1931 677 1988 περὶ
703 1934 776 1988 τῆς
802 1930 1061 1988 Ἀριστίππου
1088 1930 1263 1988 διαίτης,

274 2007 462 2053 ἐνταῦθά
487 2026 568 2053 που
606 2014 633 2052 i.
667 2027 701 2052 e.
736 2015 797 2051 hic
828 2012 929 2063 fere.
983 2013 1036 2052 At
1063 2013 1153 2067 quis
1180 2020 1236 2052 est
1263 2014 1369 2067 quin
1396 2015 1542 2054 sentiat

219 2085 266 2133 τό
298 2105 377 2132 που
412 2090 579 2131 absurde
615 2090 695 2130 hoc
729 2090 820 2130 loco
853 2089 913 2148 τῷ
937 2088 1123 2131 ἐνταῦθα
1157 2091 1398 2145 adjunctum
1426 2092 1538 2131 esse?

219 2169 369 2224 Nempe
388 2168 628 2209 Plutarchus
648 2176 874 2223 opportune
891 2171 952 2206 lu‘c
971 2168 1021 2207 de
1043 2169 1238 2224 Aristippi
1258 2170 1361 2209 vitae
1382 2170 1539 2209 ratione

219 2249 466 2288 mentionem
495 2248 620 2287 facere
640 2248 758 2296 vult,
787 2262 870 2302 quo
895 2249 1023 2302 magis
1052 2248 1268 2288 discrimen
1295 2249 1451 2289 eluceat
1476 2250 1539 2289 in·

218 2335 279 2367 ter
303 2328 390 2382 ejus
413 2335 452 2366 et
473 2327 586 2367 Arati
615 2327 753 2366 vitam.
805 2327 880 2366 Pro
905 2320 1094 2368 ἐνταῦθα’
1116 2341 1196 2367 που
1221 2326 1440 2375 διεξελθεῖν
1467 2329 1540 2368 ali-

218 2405 384 2461 quando
408 2404 510 2445 mihi
537 2406 583 2445 in
612 2412 787 2446 mentem
814 2406 925 2447 venit
950 2405 1081 2460 legere
1107 2404 1294 2447 ἒνταῧθα
1316 2403 1537 2454 ύποδιεξελ-

217 2486 311 2527 θεῖν
331 2486 442 2542 quod
458 2485 659 2541 significet
685 2488 747 2525 hic
765 2488 936 2525 nonnihil
952 2487 1114 2526 breviter
1131 2491 1360 2536 interficiam
1380 2502 1538 2526 comme·

217 2571 456 2613 mor-ationis,
480 2564 590 2619 quod
613 2565 797 2619 quamvis
818 2571 959 2619 aptum
980 2565 1054 2616 sit,
1089 2572 1223 2605 tamen
1247 2567 1409 2621 rejici0‚
1439 2568 1538 2622 quia

217 2643 382 2685 verbum
401 2639 736 2699 ὖποδιεξέρχομαι
762 2658 848 2684 non
872 2650 1010 2683 exstat.
1067 2643 1173 2694 Quid
1200 2652 1334 2685 autem
1355 2660 1428 2702 pro
1456 2659 1535 2685 nov

217 2725 507 2764 restituendum
526 2725 578 2764 sit
592 2739 678 2764 non
695 2723 820 2765 video.
841 2723 1014 2763 Fortasse
1027 2724 1262 2777 simpliciter
1274 2725 1533 2778 ejiciendum.
