1894 3371
864 282 1098 325 -56-

316 398 424 444 noh?
458 401 627 450 πίστεως
671 418 744 457 pro
787 418 870 458 quo
908 405 1039 444 Attice
1073 405 1333 445 scribendum
1369 415 1453 447 erat
1490 403 1647 462 πολλῆν

317 478 460 522 πίστιν.

370 638 435 678 32.
493 638 562 680 καὶ
587 634 761 687 δάπιδος
789 637 1051 694 κομισθείσης
1078 637 1333 695 ἀμφοτέρως
1358 638 1466 692 ὁμοῦ
1490 639 1645 695 περιέ-

313 716 512 769 βαλλον
539 715 579 757 οἴ
605 716 760 766 παῖδες·

371 793 447 833 Pro
486 795 725 851 Imperfecto
769 797 1022 851 reponendus
1068 804 1125 836 est
1168 797 1350 836 Aoristus
1385 792 1642 851 περιέβαλον,
1670 804 1672 806 ’

315 887 421 928 quae
450 881 508 914 est
535 874 658 915 lectio
684 875 863 929 vulgata.

821 1064 850 1102 C
869 1065 903 1103 A
924 1065 966 1103 P.
1021 1065 1133 1103 XLV.

370 1194 410 1232 5.
466 1190 722 1247 ἐψηφίσαντο
749 1188 787 1231 δ’
816 1193 929 1250 ἄλλῳ
955 1188 1017 1246 μή
1042 1187 1211 1247 γράφειν
1232 1192 1394 1245 βασιλεῖ
1413 1188 1522 1246 μηδὲ
1551 1206 1642 1247 πρε-

314 1264 468 1323 σβεύειν
509 1266 610 1325 πρός
648 1272 785 1311 ἄλλον
808 1272 972 1318 ἄκοντος
1009 1265 1266 1324 Ἀντιγόνου,
1298 1267 1454 1326 τρέφειν
1486 1285 1535 1313 τε
1573 1270 1641 1312 καὶ

311 1347 577 1400 μισθοδοτεῖν
597 1344 869 1403 ἠναγκάζοντο
895 1345 991 1397 τούς
1016 1344 1284 1398 Μακεδόνας,
1323 1347 1476 1398 θυσίας
1500 1347 1548 1390 δὲ
1573 1347 1641 1390 καὶ

312 1423 480 1479 πομπιὶς
505 1424 573 1467 καὶ
599 1424 759 1480 ἀγῶνας
786 1423 1005 1485 Ἀντιγόνῳ
1033 1424 1283 1477 συνετέλουν,
1303 1423 1541 1482 ἀρξαμένων
1557 1428 1642 1470 τῶν

312 1499 493 1559 Ἀράτου
510 1504 686 1546 πολιτῶν
701 1502 769 1545 καὶ
786 1501 1023 1557 δεξαμένων
1034 1505 1089 1562 τῇ
1105 1500 1216 1545 πόλει
1236 1500 1308 1546 τόν
1322 1502 1554 1559 Ἀντίγονον.
1570 1502 1640 1546 ὑπ’

308 1578 490 1638 Ἀράτου
511 1576 778 1634 ξενιζόμενον,
799 1579 975 1642 ᾐτιῶντο
992 1578 1155 1625 πάντων
1172 1582 1320 1623 ἐκεῖνον
1338 1580 1591 1637 ἀγνοοῦντες,

367 1662 442 1702 Pro
469 1675 512 1703 τε
539 1669 629 1718 post
655 1658 814 1718 τρέφειν
840 1662 1126 1718 corrigendum
1154 1675 1234 1703 esse
1262 1658 1309 1703 δὲ
1338 1669 1377 1703 et
1400 1662 1638 1718 praeceden-

312 1743 367 1780 tia
400 1749 438 1780 et
466 1742 676 1796 sequentia
705 1742 917 1780 evincunt.
956 1763 1007 1770 --
1045 1742 1152 1779 Ante
1176 1740 1342 1781 verbum
1367 1737 1542 1797 ᾐτιῶντο
1569 1742 1640 1780 ad-

308 1820 490 1860 dendum
518 1834 596 1859 esse
625 1834 851 1873 pronomen
878 1810 939 1861 ὦν
964 1821 1178 1860 rectissime
1207 1820 1454 1861 Schaeferus.
1473 1809 1575 1861 v'idit
1600 1829 1639 1861 et

309 1897 483 1938 addidit.
536 1897 643 1947 Quid
681 1897 846 1938 tandem
877 1905 934 1938 est
961 1898 1072 1952 quod
1091 1898 1277 1938 *Sintenis
1305 1898 1424 1938 illam
1452 1897 1638 1939 emenda-

308 1979 462 2017 tionem
491 1985 694 2031 sperneret
722 1977 785 2017 vel
813 1992 899 2016 non
927 1978 1099 2032 recipere
1128 1992 1246 2017 ausus
1273 1978 1353 2017 sit?

365 2139 432 2178 21.
486 2137 569 2178 τῶν
595 2134 634 2177 δ’
659 2137 798 2177 ἄλλων
824 2149 919 2184 τους
943 2132 1022 2187 μὲν
1048 2131 1269 2186 οἷπέδοντο,
1293 2132 1387 2184 τούς
1405 2133 1444 2176 δ’
1461 2134 1518 2185 εἷς
1531 2135 1638 2180 Μα-

309 2212 489 2257 κεδονίαν
515 2210 756 2258 ἀπέστειλαν
782 2210 926 2262 πέδαις
953 2210 1214 2267 δεδεμένους,

364 2295 680 2351 Repomndum,
722 2294 834 2349 quod
874 2308 968 2334 usus
1011 2295 1205 2350 requirit,
1244 2292 1290 2335 ἕν
1324 2290 1479 2342 πέδαις.
1534 2294 1640 2334 vide
1672 2296 1675 2301 '

308 2375 378 2415 vit.
412 2374 550 2414 Niciae
581 2387 674 2429 pag.
711 2373 814 2422 535,
847 2373 889 2413 Ε.
948 2369 1199 2428 τριακοσίους
1233 2369 1392 2426 ἔχοντες
1424 2370 1469 2414 ἐν
1495 2368 1641 2423 πέδαις

308 2448 545 2504 δεδεμένους
560 2447 779 2493 ἀπέδωκαν
791 2448 1142 2503 Λακεδαιμονίοις.
1188 2452 1266 2491 vit.
1280 2452 1421 2491 Dionis
1433 2466 1525 2507 pag.
1541 2451 1638 2503 962,

308 2532 350 2571 F.
395 2526 471 2584 τήν
496 2526 574 2582 μὲν
599 2532 771 2583 γυναῖκα
797 2530 873 2571 τοῦ·
898 2527 1104 2571 Λεπτίνου
1132 2525 1264 2585 δήσας
1289 2529 1334 2570 ἕν
1360 2526 1502 2577 πέδαις
1528 2530 1638 2570 καθ-

307 2608 418 2664 εἶρξε.
475 2610 629 2649 Homer.
658 2609 710 2649 Il.
738 2608 781 2648 E.
808 2622 862 2648 vs.
892 2608 987 2649 386.
1036 2607 1170 2662 δῆσαν
1195 2608 1376 2665 κρατερῷ
1399 2605 1460 2649 ἐνὶ
1487 2606 1637 2664 δεσμῷ.

308 2690 448 2730 Herod.
477 2690 517 2740 Ι,
557 2688 623 2729 66.
673 2687 718 2729 ἐν
745 2684 888 2736 πέδαις
914 2684 1115 2731 ἐδεδέατο.
1163 2689 1264 2728 Plat.
1300 2689 1418 2742 Legg.
1448 2688 1513 2728 IX.
1542 2702 1635 2743 pag.
