<?xml version="1.0" encoding="UTF-8"?>
<!DOCTYPE html PUBLIC "-//W3C//DTD XHTML 1.0 Transitional//EN"
    "http://www.w3.org/TR/xhtml1/DTD/xhtml1-transitional.dtd">
<html xmlns="http://www.w3.org/1999/xhtml" xml:lang="en" lang="en">
 <head>
  <title>
</title>
<meta http-equiv="Content-Type" content="text/html;charset=utf-8" />
  <meta name='ocr-system' content='tesseract 3.04.00' />
  <meta name='ocr-capabilities' content='ocr_page ocr_carea ocr_par ocr_line ocrx_word'/>
</head>
<body>
  <div class='ocr_page' id='page_1' title='image "4738015_0052.png"; bbox 0 0 1894 3371; ppageno 0'>
   <div class='ocr_carea' id='block_1_1' title="bbox 809 343 1049 386">
    <p class='ocr_par' dir='ltr' id='par_1_1' title="bbox 809 343 1049 386">
     <span class='ocr_line' id='line_1_1' title="bbox 809 343 1049 386; baseline 0 -11"><span class='ocrx_word' id='word_1_1' title='bbox 809 343 1049 386; x_wconf 72' lang='lat'>...38-</span> 
     </span>
    </p>
   </div>
   <div class='ocr_carea' id='block_1_2' title="bbox 264 463 1593 664">
    <p class='ocr_par' dir='ltr' id='par_1_2' title="bbox 264 463 1593 664">
     <span class='ocr_line' id='line_1_2' title="bbox 264 463 1593 518; baseline -0.002 -13"><span class='ocrx_word' id='word_1_2' title='bbox 264 463 419 505; x_wconf 77' lang='lat' dir='ltr'>sactum</span> <span class='ocrx_word' id='word_1_3' title='bbox 446 472 504 504; x_wconf 84' lang='lat' dir='ltr'><strong>est</strong></span> <span class='ocrx_word' id='word_1_4' title='bbox 531 472 577 504; x_wconf 86' lang='lat' dir='ltr'><strong>ut</strong></span> <span class='ocrx_word' id='word_1_5' title='bbox 605 465 741 504; x_wconf 82' lang='lat' dir='ltr'><strong>minus</strong></span> <span class='ocrx_word' id='word_1_6' title='bbox 768 465 1070 518; x_wconf 78' lang='lat' dir='ltr'><strong>perspiceretur.</strong></span> <span class='ocrx_word' id='word_1_7' title='bbox 1127 464 1358 518; x_wconf 81' lang='lat' dir='ltr'><strong>Insipidum</strong></span> <span class='ocrx_word' id='word_1_8' title='bbox 1376 465 1501 518; x_wconf 80' lang='lat' dir='ltr'><strong>igitur</strong></span> <span class='ocrx_word' id='word_1_9' title='bbox 1520 464 1593 503; x_wconf 87' lang='lat' dir='ltr'><strong>In-</strong></span> 
     </span>
     <span class='ocr_line' id='line_1_3' title="bbox 265 541 1593 600; baseline -0.002 -15"><span class='ocrx_word' id='word_1_10' title='bbox 265 543 518 599; x_wconf 80' lang='lat' dir='ltr'><strong>terpolatoris</strong></span> <span class='ocrx_word' id='word_1_11' title='bbox 557 541 884 583; x_wconf 75' lang='lat' dir='ltr'><strong>additamentum</strong></span> <span class='ocrx_word' id='word_1_12' title='bbox 926 542 1109 597; x_wconf 80' lang='lat' dir='ltr'><strong>ejeceris,</strong></span> <span class='ocrx_word' id='word_1_13' title='bbox 1151 549 1279 584; x_wconf 75' lang='lat' dir='ltr'><strong>cetera</strong></span> <span class='ocrx_word' id='word_1_14' title='bbox 1325 543 1513 600; x_wconf 85' lang='lat' dir='ltr'><strong>expedita</strong></span> <span class='ocrx_word' id='word_1_15' title='bbox 1553 550 1593 584; x_wconf 89' lang='lat' dir='ltr'><strong>et</strong></span> 
     </span>
     <span class='ocr_line' id='line_1_4' title="bbox 264 618 675 664; baseline 0 -5"><span class='ocrx_word' id='word_1_16' title='bbox 264 621 470 661; x_wconf 79' lang='lat' dir='ltr'><strong>concinna</strong></span> <span class='ocrx_word' id='word_1_17' title='bbox 496 618 675 664; x_wconf 81' lang='lat' dir='ltr'><strong>habebis.</strong></span> 
     </span>
    </p>
   </div>
   <div class='ocr_carea' id='block_1_3' title="bbox 259 770 1593 1134">
    <p class='ocr_par' dir='ltr' id='par_1_3' title="bbox 262 770 1593 911">
     <span class='ocr_line' id='line_1_5' title="bbox 317 770 1593 834; baseline 0 -16"><span class='ocrx_word' id='word_1_18' title='bbox 317 777 385 818; x_wconf 86' lang='lat'><strong>29.</strong></span> <span class='ocrx_word' id='word_1_19' title='bbox 440 770 470 833; x_wconf 78' lang='grc' dir='ltr'><strong><em>ἦ</em></strong></span> <span class='ocrx_word' id='word_1_20' title='bbox 495 789 538 821; x_wconf 77' lang='grc' dir='ltr'><strong>τε</strong></span> <span class='ocrx_word' id='word_1_21' title='bbox 565 772 681 827; x_wconf 86' lang='grc' dir='ltr'><em>πόλις</em></span> <span class='ocrx_word' id='word_1_22' title='bbox 708 775 942 827; x_wconf 72' lang='grc' dir='ltr'><strong><em>ἐξανίστατο</em></strong></span> <span class='ocrx_word' id='word_1_23' title='bbox 969 776 1068 834; x_wconf 76' lang='grc' dir='ltr'><em>πρδς</em></span> <span class='ocrx_word' id='word_1_24' title='bbox 1093 776 1146 820; x_wconf 76' lang='lat' dir='ltr'><strong>to?</strong></span> <span class='ocrx_word' id='word_1_25' title='bbox 1171 778 1356 832; x_wconf 78' lang='grc' dir='ltr'><em>γινόμενα</em></span> <span class='ocrx_word' id='word_1_26' title='bbox 1376 773 1536 833; x_wconf 78' lang='grc' dir='ltr'><strong><em>πλήρεις</em></strong></span> <span class='ocrx_word' id='word_1_27' title='bbox 1558 773 1593 818; x_wconf 82' lang='grc' dir='ltr'><strong>τ’</strong></span> 
     </span>
     <span class='ocr_line' id='line_1_6' title="bbox 262 850 1020 911; baseline -0.001 -13"><span class='ocrx_word' id='word_1_28' title='bbox 262 850 371 911; x_wconf 84' lang='grc' dir='ltr'><em>ἦσαν</em></span> <span class='ocrx_word' id='word_1_29' title='bbox 398 859 437 901; x_wconf 68' lang='lat' dir='ltr'><strong>«ft</strong></span> <span class='ocrx_word' id='word_1_30' title='bbox 457 870 510 898; x_wconf 83' lang='grc' dir='ltr'><strong>τε</strong></span> <span class='ocrx_word' id='word_1_31' title='bbox 536 855 733 899; x_wconf 82' lang='grc' dir='ltr'><em>στενωποὶ</em></span> <span class='ocrx_word' id='word_1_32' title='bbox 758 853 1020 899; x_wconf 75' lang='grc' dir='ltr'><em>διαθεόντων.</em></span> 
     </span>
    </p>

    <p class='ocr_par' dir='ltr' id='par_1_4' title="bbox 259 936 1592 1134">
     <span class='ocr_line' id='line_1_7' title="bbox 321 936 1590 991; baseline -0.001 -15"><span class='ocrx_word' id='word_1_33' title='bbox 321 936 430 987; x_wconf 85' lang='lat' dir='ltr'><strong>Quid</strong></span> <span class='ocrx_word' id='word_1_34' title='bbox 458 937 639 977; x_wconf 84' lang='lat' dir='ltr'><strong>Sintenis</strong></span> <span class='ocrx_word' id='word_1_35' title='bbox 659 938 825 978; x_wconf 86' lang='lat' dir='ltr'><strong>tertium</strong></span> <span class='ocrx_word' id='word_1_36' title='bbox 843 951 885 978; x_wconf 89' lang='grc' dir='ltr'><strong>τε</strong></span> <span class='ocrx_word' id='word_1_37' title='bbox 904 937 950 977; x_wconf 90' lang='lat' dir='ltr'><strong>in</strong></span> <span class='ocrx_word' id='word_1_38' title='bbox 968 942 1124 977; x_wconf 86' lang='lat' dir='ltr'><strong>textum</strong></span> <span class='ocrx_word' id='word_1_39' title='bbox 1143 950 1279 977; x_wconf 88' lang='lat' dir='ltr'><strong>rursus</strong></span> <span class='ocrx_word' id='word_1_40' title='bbox 1298 937 1460 991; x_wconf 85' lang='lat' dir='ltr'><strong>recepit,</strong></span> <span class='ocrx_word' id='word_1_41' title='bbox 1478 936 1590 991; x_wconf 91' lang='lat' dir='ltr'><strong>quod</strong></span> 
     </span>
     <span class='ocr_line' id='line_1_8' title="bbox 259 1015 1592 1072; baseline 0 -17"><span class='ocrx_word' id='word_1_42' title='bbox 259 1017 350 1069; x_wconf 85' lang='lat' dir='ltr'><strong>jam</strong></span> <span class='ocrx_word' id='word_1_43' title='bbox 377 1015 633 1057; x_wconf 85' lang='lat' dir='ltr'><strong>Schaeferum</strong></span> <span class='ocrx_word' id='word_1_44' title='bbox 662 1017 778 1057; x_wconf 80' lang='lat' dir='ltr'><strong>video</strong></span> <span class='ocrx_word' id='word_1_45' title='bbox 806 1023 911 1057; x_wconf 86' lang='lat' dir='ltr'><strong>recte</strong></span> <span class='ocrx_word' id='word_1_46' title='bbox 939 1017 1095 1072; x_wconf 86' lang='lat' dir='ltr'><strong>ejecisse</strong></span> <span class='ocrx_word' id='word_1_47' title='bbox 1104 1031 1114 1067; x_wconf 93' lang='lat'>;</span> <span class='ocrx_word' id='word_1_48' title='bbox 1151 1016 1263 1072; x_wconf 89' lang='lat' dir='ltr'><strong>quod</strong></span> <span class='ocrx_word' id='word_1_49' title='bbox 1297 1016 1387 1072; x_wconf 86' lang='lat' dir='ltr'><strong>quis</strong></span> <span class='ocrx_word' id='word_1_50' title='bbox 1415 1029 1503 1055; x_wconf 90' lang='lat' dir='ltr'><strong>non</strong></span> <span class='ocrx_word' id='word_1_51' title='bbox 1531 1016 1592 1055; x_wconf 82' lang='lat' dir='ltr'><strong>vi-</strong></span> 
     </span>
     <span class='ocr_line' id='line_1_9' title="bbox 263 1093 635 1134; baseline 0.003 -1"><span class='ocrx_word' id='word_1_52' title='bbox 263 1093 357 1134; x_wconf 82' lang='lat' dir='ltr'><strong>deat</strong></span> <span class='ocrx_word' id='word_1_53' title='bbox 382 1096 550 1134; x_wconf 77' lang='lat' dir='ltr'><strong>vacare?</strong></span> <span class='ocrx_word' id='word_1_54' title='bbox 582 1118 635 1124; x_wconf 92' lang='lat'><strong>—-</strong></span> 
     </span>
    </p>
   </div>
   <div class='ocr_carea' id='block_1_4' title="bbox 768 1286 1092 1327">
    <p class='ocr_par' dir='ltr' id='par_1_5' title="bbox 768 1286 1092 1327">
     <span class='ocr_line' id='line_1_10' title="bbox 768 1286 1092 1327; baseline 0 -1"><span class='ocrx_word' id='word_1_55' title='bbox 768 1287 796 1325; x_wconf 90' lang='lat' dir='ltr'>C</span> <span class='ocrx_word' id='word_1_56' title='bbox 816 1286 851 1326; x_wconf 82' lang='lat' dir='ltr'>A</span> <span class='ocrx_word' id='word_1_57' title='bbox 868 1287 912 1326; x_wconf 90' lang='grc' dir='ltr'><strong>Ρ.</strong></span> <span class='ocrx_word' id='word_1_58' title='bbox 968 1287 1092 1327; x_wconf 85' lang='lat' dir='ltr'>XXII.</span> 
     </span>
    </p>
   </div>
   <div class='ocr_carea' id='block_1_5' title="bbox 260 1407 1594 1949">
    <p class='ocr_par' dir='ltr' id='par_1_6' title="bbox 263 1407 1593 1625">
     <span class='ocr_line' id='line_1_11' title="bbox 319 1407 1593 1466; baseline 0.001 -15"><span class='ocrx_word' id='word_1_59' title='bbox 319 1411 359 1451; x_wconf 87' lang='grc'><strong>3.</strong></span> <span class='ocrx_word' id='word_1_60' title='bbox 414 1407 506 1452; x_wconf 77' lang='grc' dir='ltr'><em>ἄλλ’</em></span> <span class='ocrx_word' id='word_1_61' title='bbox 540 1408 886 1465; x_wconf 80' lang='grc' dir='ltr'><em>α’ποπλανώμενος</em></span> <span class='ocrx_word' id='word_1_62' title='bbox 918 1413 995 1454; x_wconf 77' lang='grc' dir='ltr'><strong>τοῦ</strong></span> <span class='ocrx_word' id='word_1_63' title='bbox 1025 1410 1163 1466; x_wconf 72' lang='grc' dir='ltr'><strong>τρίβου</strong></span> <span class='ocrx_word' id='word_1_64' title='bbox 1199 1408 1456 1453; x_wconf 73' lang='grc' dir='ltr'><em>παντάπασιν</em></span> <span class='ocrx_word' id='word_1_65' title='bbox 1482 1410 1593 1453; x_wconf 77' lang='grc' dir='ltr'><em>ἐνδε-</em></span> 
     </span>
     <span class='ocr_line' id='line_1_12' title="bbox 265 1483 1593 1546; baseline 0.001 -17"><span class='ocrx_word' id='word_1_66' title='bbox 265 1483 433 1538; x_wconf 71' lang='grc' dir='ltr'><strong>δυκότος</strong></span> <span class='ocrx_word' id='word_1_67' title='bbox 452 1488 520 1530; x_wconf 83' lang='grc' dir='ltr'><strong>καὶ</strong></span> <span class='ocrx_word' id='word_1_68' title='bbox 536 1487 891 1546; x_wconf 81' lang='grc' dir='ltr'><em>περισκιαζομένου</em></span> <span class='ocrx_word' id='word_1_69' title='bbox 909 1492 999 1539; x_wconf 85' lang='grc' dir='ltr'><strong>ταῖς</strong></span> <span class='ocrx_word' id='word_1_70' title='bbox 1015 1486 1240 1546; x_wconf 78' lang='grc' dir='ltr'><strong><em>τραχύτησι</em></strong></span> <span class='ocrx_word' id='word_1_71' title='bbox 1258 1489 1325 1531; x_wconf 77' lang='grc' dir='ltr'><strong>καὶ</strong></span> <span class='ocrx_word' id='word_1_72' title='bbox 1343 1489 1414 1531; x_wconf 78' lang='grc' dir='ltr'><strong>διιί</strong></span> <span class='ocrx_word' id='word_1_73' title='bbox 1430 1491 1593 1532; x_wconf 78' lang='grc' dir='ltr'><em>πολλῶν</em></span> 
     </span>
     <span class='ocr_line' id='line_1_13' title="bbox 263 1564 1511 1625; baseline 0 -16"><span class='ocrx_word' id='word_1_74' title='bbox 263 1564 441 1623; x_wconf 76' lang='grc' dir='ltr'><em>ἑλιγμῶν</em></span> <span class='ocrx_word' id='word_1_75' title='bbox 466 1568 534 1611; x_wconf 81' lang='grc' dir='ltr'><strong>καὶ</strong></span> <span class='ocrx_word' id='word_1_76' title='bbox 560 1571 866 1625; x_wconf 80' lang='grc' dir='ltr'><em>παραβολῶν</em></span> <span class='ocrx_word' id='word_1_77' title='bbox 892 1568 1144 1625; x_wconf 80' lang='grc' dir='ltr'><em>περαίνοντος</em></span> <span class='ocrx_word' id='word_1_78' title='bbox 1170 1567 1269 1625; x_wconf 79' lang='grc' dir='ltr'><em>πρός</em></span> <span class='ocrx_word' id='word_1_79' title='bbox 1294 1565 1342 1611; x_wconf 76' lang='grc' dir='ltr'><strong>τό</strong></span> <span class='ocrx_word' id='word_1_80' title='bbox 1366 1571 1511 1622; x_wconf 83' lang='grc' dir='ltr'><em>τεῖχος.</em></span> 
     </span>
    </p>

    <p class='ocr_par' dir='ltr' id='par_1_7' title="bbox 260 1648 1594 1949">
     <span class='ocr_line' id='line_1_14' title="bbox 318 1648 1593 1706; baseline 0.002 -19"><span class='ocrx_word' id='word_1_81' title='bbox 318 1648 637 1703; x_wconf 85' lang='lat' dir='ltr'><strong>Corrigendum,</strong></span> <span class='ocrx_word' id='word_1_82' title='bbox 676 1650 789 1706; x_wconf 86' lang='lat' dir='ltr'><strong>quod</strong></span> <span class='ocrx_word' id='word_1_83' title='bbox 827 1650 908 1705; x_wconf 83' lang='lat' dir='ltr'><strong>legi</strong></span> <span class='ocrx_word' id='word_1_84' title='bbox 950 1650 1070 1690; x_wconf 86' lang='lat' dir='ltr'><strong>malit</strong></span> <span class='ocrx_word' id='word_1_85' title='bbox 1111 1651 1316 1697; x_wconf 84' lang='lat' dir='ltr'><strong>Reiskius,</strong></span> <span class='ocrx_word' id='word_1_86' title='bbox 1359 1650 1593 1704; x_wconf 79' lang='grc' dir='ltr'><em>περιβολῶν.</em></span> 
     </span>
     <span class='ocr_line' id='line_1_15' title="bbox 261 1725 1592 1785; baseline 0 -16"><span class='ocrx_word' id='word_1_87' title='bbox 261 1725 473 1783; x_wconf 75' lang='grc' dir='ltr'><em>περιβολαί</em></span> <span class='ocrx_word' id='word_1_88' title='bbox 496 1737 593 1770; x_wconf 88' lang='lat' dir='ltr'><strong>sunt</strong></span> <span class='ocrx_word' id='word_1_89' title='bbox 619 1729 841 1782; x_wconf 78' lang='lat' dir='ltr'><strong>anfractus,</strong></span> <span class='ocrx_word' id='word_1_90' title='bbox 865 1730 1096 1771; x_wconf 86' lang='lat' dir='ltr'><strong>conseratur</strong></span> <span class='ocrx_word' id='word_1_91' title='bbox 1117 1731 1196 1770; x_wconf 86' lang='lat' dir='ltr'><strong>Vit.</strong></span> <span class='ocrx_word' id='word_1_92' title='bbox 1217 1730 1376 1771; x_wconf 87' lang='lat' dir='ltr'><strong>Lucull.</strong></span> <span class='ocrx_word' id='word_1_93' title='bbox 1389 1730 1483 1785; x_wconf 85' lang='lat' dir='ltr'><strong>Pag.</strong></span> <span class='ocrx_word' id='word_1_94' title='bbox 1498 1730 1592 1778; x_wconf 89' lang='lat'>505,</span> 
     </span>
     <span class='ocr_line' id='line_1_16' title="bbox 261 1803 1594 1865; baseline -0.001 -15"><span class='ocrx_word' id='word_1_95' title='bbox 261 1810 310 1850; x_wconf 87' lang='lat' dir='ltr'><strong>A.</strong></span> <span class='ocrx_word' id='word_1_96' title='bbox 368 1803 513 1850; x_wconf 72' lang='grc' dir='ltr'><em>κύκλον</em></span> <span class='ocrx_word' id='word_1_97' title='bbox 537 1804 628 1851; x_wconf 68' lang='grc' dir='ltr'><strong>τινα</strong></span> <span class='ocrx_word' id='word_1_98' title='bbox 649 1807 718 1850; x_wconf 81' lang='grc' dir='ltr'><strong>καὶ</strong></span> <span class='ocrx_word' id='word_1_99' title='bbox 738 1805 955 1865; x_wconf 72' lang='grc' dir='ltr'><em>περιβολήν</em></span> <span class='ocrx_word' id='word_1_100' title='bbox 974 1804 1152 1863; x_wconf 79' lang='grc' dir='ltr'><em>ἔχουσαν</em></span> <span class='ocrx_word' id='word_1_101' title='bbox 1169 1833 1224 1839; x_wconf 91' lang='lat'><strong>—-</strong></span> <span class='ocrx_word' id='word_1_102' title='bbox 1242 1803 1351 1852; x_wconf 74' lang='grc' dir='ltr'><em>ὁδόν.</em></span> <span class='ocrx_word' id='word_1_103' title='bbox 1383 1834 1430 1842; x_wconf 90' lang='lat'>-</span> <span class='ocrx_word' id='word_1_104' title='bbox 1460 1823 1594 1863; x_wconf 83' lang='grc' dir='ltr'><em>παρα-</em></span> 
     </span>
     <span class='ocr_line' id='line_1_17' title="bbox 260 1887 1593 1949; baseline -0.001 -19"><span class='ocrx_word' id='word_1_105' title='bbox 260 1887 386 1942; x_wconf 76' lang='grc' dir='ltr'><em>βολαί</em></span> <span class='ocrx_word' id='word_1_106' title='bbox 409 1905 495 1930; x_wconf 88' lang='lat' dir='ltr'><strong>non</strong></span> <span class='ocrx_word' id='word_1_107' title='bbox 521 1898 618 1930; x_wconf 89' lang='lat' dir='ltr'><strong>sunt</strong></span> <span class='ocrx_word' id='word_1_108' title='bbox 633 1894 829 1941; x_wconf 75' lang='lat' dir='ltr'><strong>flexiones</strong></span> <span class='ocrx_word' id='word_1_109' title='bbox 856 1890 1152 1949; x_wconf 25' lang='lat' dir='ltr'><strong>ut-Schaeserus</strong></span> <span class='ocrx_word' id='word_1_110' title='bbox 1181 1891 1379 1945; x_wconf 85' lang='lat' dir='ltr'><strong>explicat,</strong></span> <span class='ocrx_word' id='word_1_111' title='bbox 1408 1891 1593 1931; x_wconf 83' lang='lat' dir='ltr'><strong>confera-</strong></span> 
     </span>
    </p>
   </div>
   <div class='ocr_carea' id='block_1_6' title="bbox 261 1968 1223 2024">
    <p class='ocr_par' dir='ltr' id='par_1_8' title="bbox 261 1968 1223 2024">
     <span class='ocr_line' id='line_1_18' title="bbox 261 1968 1223 2024; baseline -0.002 -14"><span class='ocrx_word' id='word_1_112' title='bbox 261 1977 330 2010; x_wconf 86' lang='lat' dir='ltr'><strong>tur</strong></span> <span class='ocrx_word' id='word_1_113' title='bbox 358 1969 495 2010; x_wconf 82' lang='lat' dir='ltr'><strong>Moral.</strong></span> <span class='ocrx_word' id='word_1_114' title='bbox 526 1969 620 2023; x_wconf 79' lang='lat' dir='ltr'><strong>Pag.</strong></span> <span class='ocrx_word' id='word_1_115' title='bbox 650 1969 722 2017; x_wconf 89' lang='grc'><strong>40,</strong></span> <span class='ocrx_word' id='word_1_116' title='bbox 751 1969 796 2021; x_wconf 83' lang='lat' dir='ltr'><strong>D.</strong></span> <span class='ocrx_word' id='word_1_117' title='bbox 825 1976 863 2009; x_wconf 89' lang='lat' dir='ltr'><strong>et</strong></span> <span class='ocrx_word' id='word_1_118' title='bbox 892 1969 987 2024; x_wconf 81' lang='lat' dir='ltr'>Pag.</span> <span class='ocrx_word' id='word_1_119' title='bbox 1022 1968 1149 2017; x_wconf 82' lang='lat'><strong>1094,</strong></span> <span class='ocrx_word' id='word_1_120' title='bbox 1179 1968 1223 2009; x_wconf 76' lang='lat' dir='ltr'><strong>B.</strong></span> 
     </span>
    </p>
   </div>
   <div class='ocr_carea' id='block_1_7' title="bbox 261 2119 1595 2732">
    <p class='ocr_par' dir='ltr' id='par_1_9' title="bbox 261 2119 1595 2339">
     <span class='ocr_line' id='line_1_19' title="bbox 318 2119 1593 2181; baseline 0 -14"><span class='ocrx_word' id='word_1_121' title='bbox 318 2126 358 2167; x_wconf 89' lang='lat'><strong>6.</strong></span> <span class='ocrx_word' id='word_1_122' title='bbox 414 2120 517 2168; x_wconf 82' lang='grc' dir='ltr'><strong>Εἶτα</strong></span> <span class='ocrx_word' id='word_1_123' title='bbox 540 2120 779 2179; x_wconf 75' lang='grc' dir='ltr'><em>θαυμάσιον</em></span> <span class='ocrx_word' id='word_1_124' title='bbox 804 2119 887 2167; x_wconf 84' lang='grc' dir='ltr'><em>οἷον</em></span> <span class='ocrx_word' id='word_1_125' title='bbox 908 2142 936 2181; x_wconf 88' lang='grc' dir='ltr'><em>η</em></span> <span class='ocrx_word' id='word_1_126' title='bbox 960 2123 1105 2181; x_wconf 77' lang='grc' dir='ltr'><em>σελήνη</em></span> <span class='ocrx_word' id='word_1_127' title='bbox 1128 2121 1280 2179; x_wconf 77' lang='grc' dir='ltr'><em>λέγεται</em></span> <span class='ocrx_word' id='word_1_128' title='bbox 1299 2121 1593 2168; x_wconf 77' lang='grc' dir='ltr'><em>διαστέλλουσα</em></span> 
     </span>
     <span class='ocr_line' id='line_1_20' title="bbox 261 2199 1595 2260; baseline -0.001 -13"><span class='ocrx_word' id='word_1_129' title='bbox 261 2201 315 2247; x_wconf 69' lang='grc' dir='ltr'><strong>τά</strong></span> <span class='ocrx_word' id='word_1_130' title='bbox 356 2201 462 2259; x_wconf 78' lang='grc' dir='ltr'><em>νέφη</em></span> <span class='ocrx_word' id='word_1_131' title='bbox 503 2204 570 2245; x_wconf 78' lang='grc' dir='ltr'><strong>καὶ</strong></span> <span class='ocrx_word' id='word_1_132' title='bbox 604 2202 948 2258; x_wconf 79' lang='grc' dir='ltr'><em>ὑπολαβοῦσα</em></span> <span class='ocrx_word' id='word_1_133' title='bbox 987 2206 1060 2260; x_wconf 81' lang='grc' dir='ltr'><strong>τῆς</strong></span> <span class='ocrx_word' id='word_1_134' title='bbox 1090 2203 1195 2246; x_wconf 81' lang='grc' dir='ltr'><em>ὁδοῦ</em></span> <span class='ocrx_word' id='word_1_135' title='bbox 1225 2201 1275 2246; x_wconf 69' lang='lat' dir='ltr'><strong>‘co&#39;</strong></span> <span class='ocrx_word' id='word_1_136' title='bbox 1306 2199 1595 2257; x_wconf 77' lang='grc' dir='ltr'><em>χαλεπώτατον</em></span> 
     </span>
     <span class='ocr_line' id='line_1_21' title="bbox 263 2283 528 2339; baseline -0.011 -12"><span class='ocrx_word' id='word_1_137' title='bbox 263 2283 503 2339; x_wconf 80' lang='grc' dir='ltr'><em>σαφηνίζειν</em></span> <span class='ocrx_word' id='word_1_138' title='bbox 516 2317 528 2336; x_wconf 86' lang='grc'><em>,</em></span> 
     </span>
    </p>

    <p class='ocr_par' dir='ltr' id='par_1_10' title="bbox 265 2360 1595 2732">
     <span class='ocr_line' id='line_1_22' title="bbox 321 2360 1594 2419; baseline -0.001 -16"><span class='ocrx_word' id='word_1_139' title='bbox 321 2365 397 2404; x_wconf 91' lang='lat' dir='ltr'><strong>Pro</strong></span> <span class='ocrx_word' id='word_1_140' title='bbox 422 2363 541 2403; x_wconf 83' lang='lat' dir='ltr'><strong>verbo</strong></span> <span class='ocrx_word' id='word_1_141' title='bbox 562 2360 830 2416; x_wconf 77' lang='grc' dir='ltr'><em>ὑπολαβοῦσα</em></span> <span class='ocrx_word' id='word_1_142' title='bbox 848 2363 1129 2419; x_wconf 87' lang='lat' dir='ltr'><strong>reponendum</strong></span> <span class='ocrx_word' id='word_1_143' title='bbox 1150 2363 1327 2410; x_wconf 79' lang='lat' dir='ltr'><strong>videtur,</strong></span> <span class='ocrx_word' id='word_1_144' title='bbox 1357 2361 1466 2417; x_wconf 89' lang='lat' dir='ltr'><strong>quod</strong></span> <span class='ocrx_word' id='word_1_145' title='bbox 1489 2369 1594 2402; x_wconf 87' lang='lat' dir='ltr'><strong>recte</strong></span> 
     </span>
     <span class='ocr_line' id='line_1_23' title="bbox 265 2435 1595 2497; baseline -0.002 -14"><span class='ocrx_word' id='word_1_146' title='bbox 265 2441 497 2483; x_wconf 85' lang='lat' dir='ltr'><strong>Schaeferus</strong></span> <span class='ocrx_word' id='word_1_147' title='bbox 525 2443 615 2497; x_wconf 86' lang='lat' dir='ltr'><strong>jam</strong></span> <span class='ocrx_word' id='word_1_148' title='bbox 650 2457 671 2482; x_wconf 92' lang='lat' dir='ltr'><strong>e</strong></span> <span class='ocrx_word' id='word_1_149' title='bbox 708 2443 851 2482; x_wconf 87' lang='lat' dir='ltr'><strong>Codice</strong></span> <span class='ocrx_word' id='word_1_150' title='bbox 884 2458 915 2481; x_wconf 78' lang='lat' dir='ltr'><strong><em>x</em></strong></span> <span class='ocrx_word' id='word_1_151' title='bbox 950 2443 995 2481; x_wconf 88' lang='lat' dir='ltr'><strong>in</strong></span> <span class='ocrx_word' id='word_1_152' title='bbox 1024 2449 1180 2482; x_wconf 83' lang='lat' dir='ltr'><strong>textum</strong></span> <span class='ocrx_word' id='word_1_153' title='bbox 1209 2442 1377 2496; x_wconf 84' lang='lat' dir='ltr'><strong>recepit,</strong></span> <span class='ocrx_word' id='word_1_154' title='bbox 1403 2435 1595 2493; x_wconf 67' lang='grc' dir='ltr'><em>ὑπολάμ-</em></span> 
     </span>
     <span class='ocr_line' id='line_1_24' title="bbox 265 2519 1594 2576; baseline -0.003 -13"><span class='ocrx_word' id='word_1_155' title='bbox 265 2533 401 2563; x_wconf 81' lang='grc' dir='ltr'><em>πουσα</em></span> <span class='ocrx_word' id='word_1_156' title='bbox 423 2522 449 2561; x_wconf 87' lang='lat' dir='ltr'><strong>i.</strong></span> <span class='ocrx_word' id='word_1_157' title='bbox 471 2535 505 2561; x_wconf 83' lang='lat' dir='ltr'><strong>e.</strong></span> <span class='ocrx_word' id='word_1_158' title='bbox 531 2525 771 2561; x_wconf 78' lang='lat' dir='ltr'><strong>interlucens.</strong></span> <span class='ocrx_word' id='word_1_159' title='bbox 829 2521 936 2571; x_wconf 84' lang='lat' dir='ltr'><strong>Quid</strong></span> <span class='ocrx_word' id='word_1_160' title='bbox 961 2522 1094 2576; x_wconf 81' lang='lat' dir='ltr'><strong>aptius</strong></span> <span class='ocrx_word' id='word_1_161' title='bbox 1122 2520 1201 2561; x_wconf 88' lang='lat' dir='ltr'><strong>hoc</strong></span> <span class='ocrx_word' id='word_1_162' title='bbox 1224 2521 1342 2561; x_wconf 82' lang='lat' dir='ltr'><strong>loco?</strong></span> <span class='ocrx_word' id='word_1_163' title='bbox 1389 2520 1464 2560; x_wconf 88' lang='lat' dir='ltr'><strong>Sed</strong></span> <span class='ocrx_word' id='word_1_164' title='bbox 1483 2519 1594 2574; x_wconf 86' lang='lat' dir='ltr'><strong>quod</strong></span> 
     </span>
     <span class='ocr_line' id='line_1_25' title="bbox 267 2597 1594 2657; baseline -0.002 -17"><span class='ocrx_word' id='word_1_165' title='bbox 267 2601 340 2641; x_wconf 79' lang='lat' dir='ltr'>alii</span> <span class='ocrx_word' id='word_1_166' title='bbox 368 2601 585 2657; x_wconf 80' lang='lat' dir='ltr'><strong>vulgatam</strong></span> <span class='ocrx_word' id='word_1_167' title='bbox 612 2608 767 2641; x_wconf 87' lang='lat' dir='ltr'><strong>tuentes</strong></span> <span class='ocrx_word' id='word_1_168' title='bbox 794 2601 1010 2642; x_wconf 88' lang='lat' dir='ltr'><strong>conferunt</strong></span> <span class='ocrx_word' id='word_1_169' title='bbox 1038 2601 1117 2640; x_wconf 87' lang='lat' dir='ltr'><strong>Vit.</strong></span> <span class='ocrx_word' id='word_1_170' title='bbox 1150 2600 1365 2640; x_wconf 83' lang='lat' dir='ltr'><strong>Artaxerx.</strong></span> <span class='ocrx_word' id='word_1_171' title='bbox 1396 2598 1490 2653; x_wconf 83' lang='lat' dir='ltr'><strong>cap.</strong></span> <span class='ocrx_word' id='word_1_172' title='bbox 1518 2597 1594 2645; x_wconf 87' lang='lat'><strong>29,</strong></span> 
     </span>
     <span class='ocr_line' id='line_1_26' title="bbox 266 2674 1594 2732; baseline -0.002 -14"><span class='ocrx_word' id='word_1_173' title='bbox 266 2679 373 2719; x_wconf 87' lang='lat' dir='ltr'><strong>med.</strong></span> <span class='ocrx_word' id='word_1_174' title='bbox 402 2674 478 2732; x_wconf 81' lang='grc' dir='ltr'><strong>τῆν</strong></span> <span class='ocrx_word' id='word_1_175' title='bbox 504 2676 677 2719; x_wconf 72' lang='grc' dir='ltr'><em>αὐλαίαν</em></span> <span class='ocrx_word' id='word_1_176' title='bbox 699 2674 939 2732; x_wconf 74' lang='grc' dir='ltr'><em>ὑπολαβών,</em></span> <span class='ocrx_word' id='word_1_177' title='bbox 966 2680 1010 2719; x_wconf 91' lang='lat' dir='ltr'><strong>id</strong></span> <span class='ocrx_word' id='word_1_178' title='bbox 1030 2680 1166 2718; x_wconf 88' lang='lat' dir='ltr'><strong>minus</strong></span> <span class='ocrx_word' id='word_1_179' title='bbox 1190 2678 1238 2718; x_wconf 89' lang='lat' dir='ltr'><strong>ad</strong></span> <span class='ocrx_word' id='word_1_180' title='bbox 1259 2692 1356 2718; x_wconf 89' lang='lat' dir='ltr'><strong>rem.</strong></span> <span class='ocrx_word' id='word_1_181' title='bbox 1400 2675 1463 2717; x_wconf 89' lang='lat' dir='ltr'><strong>Ibi</strong></span> <span class='ocrx_word' id='word_1_182' title='bbox 1482 2678 1594 2717; x_wconf 87' lang='lat' dir='ltr'><strong>enim</strong></span> 
     </span>
    </p>
   </div>
   <div class='ocr_carea' id='block_1_8' title="bbox 265 2750 1595 2814">
    <p class='ocr_par' dir='ltr' id='par_1_11' title="bbox 265 2750 1595 2814">
     <span class='ocr_line' id='line_1_27' title="bbox 265 2750 1595 2814; baseline -0.002 -15"><span class='ocrx_word' id='word_1_183' title='bbox 265 2750 587 2811; x_wconf 72' lang='grc' dir='ltr'><em>ὑπολαμβάνειν,</em></span> <span class='ocrx_word' id='word_1_184' title='bbox 617 2759 647 2799; x_wconf 91' lang='lat' dir='ltr'><strong>si</strong></span> <span class='ocrx_word' id='word_1_185' title='bbox 676 2767 861 2800; x_wconf 86' lang='lat' dir='ltr'><strong>accurate</strong></span> <span class='ocrx_word' id='word_1_186' title='bbox 881 2759 963 2801; x_wconf 84' lang='lat' dir='ltr'><strong>vim</strong></span> <span class='ocrx_word' id='word_1_187' title='bbox 983 2758 1290 2814; x_wconf 83' lang='lat' dir='ltr'><strong>praepositionis</strong></span> <span class='ocrx_word' id='word_1_188' title='bbox 1311 2758 1355 2798; x_wconf 91' lang='lat' dir='ltr'><strong>in</strong></span> <span class='ocrx_word' id='word_1_189' title='bbox 1376 2757 1595 2813; x_wconf 86' lang='lat' dir='ltr'><strong>composito</strong></span> 
     </span>
    </p>
   </div>
   <div class='ocr_carea' id='block_1_9' title="bbox 1682 0 1894 236">
    <p class='ocr_par' dir='ltr' id='par_1_12' title="bbox 1682 0 1894 236">
     <span class='ocr_line' id='line_1_28' title="bbox 1682 0 1894 236; baseline 0 3135"><span class='ocrx_word' id='word_1_190' title='bbox 1682 0 1894 236; x_wconf 95' lang='lat' dir='ltr'><strong> </strong></span> 
     </span>
    </p>
   </div>
  </div>
 </body>
</html>
