1894 3371
853 322 1089 363 ..24-

362 446 463 486 vide
490 458 614 499 quam
643 444 748 483 male
776 443 846 482 hic
873 443 986 483 locus
1014 441 1066 481 ab
1085 440 1376 496 Interpretihus
1401 440 1632 481 intellectus

305 526 371 567 sit.
428 526 626 578 Interpres
654 523 791 563 vertit:
822 521 955 576 Atque
980 521 1178 575 exoptatis
1203 520 1266 560 his
1287 528 1328 561 et
1346 519 1632 576 flagrantibus,

306 601 358 641 ad
381 614 482 655 quas
500 613 651 655 magno
673 599 815 639 ardore
833 598 1116 646 contenditur,
1136 610 1274 653 regum
1296 606 1337 640 et
1360 606 1633 654 tyrannorum

304 679 494 719 amicitiis
523 685 687 718 tantum
715 678 986 731 conjunctum
1014 684 1099 717 erat
1124 676 1262 716 livoris
1289 684 1330 716 et
1351 677 1633 731 malignitatis,

304 754 447 794 Coraes
473 753 667 809 explicat:
709 751 809 808 πρός
834 746 884 802 ἃς
915 747 1144 802 τοξεύονται
1169 745 1325 812 (ὥσπερ
1345 748 1464 808 βέλη)
1488 750 1527 794 οἱ
1551 753 1635 795 τῶν

304 827 543 885 ἀνθρώπων
585 827 774 887 διάπυροι
809 827 962 886 ἔρωτες.
1012 832 1132 881 Quasi
1161 844 1253 871 vero
1279 824 1546 887 περιμάχητοι
1567 828 1635 871 καὶ

304 904 559 963 τοξευόμεναι
584 905 797 965 διαπύροις
822 906 942 965 ἔρωσι
964 911 1048 950 sint
1074 908 1253 965 epitheta
1275 910 1465 949 ornantia
1486 908 1634 963 φιλιῶν

303 986 519 1043 βασιλέων.
563 989 640 1030 Sed
666 989 907 1029 Plutarchus
926 1003 1012 1029 non
1033 988 1253 1044 ampullari
1275 986 1488 1036 videbitur,
1512 987 1634 1027 modo

305 1074 410 1107 recte
435 1080 572 1106 sensus
599 1067 884 1121 perspiciatur.
917 1066 1470 1124 *Animadvertamustotum
1498 1073 1632 1121 caput.

305 1145 489 1186 Primum
514 1143 689 1200 legimus
721 1157 856 1198 regem
888 1143 1145 1198 Antigonum
1178 1143 1293 1184 omni
1319 1157 1395 1199 ope
1425 1144 1562 1185 nisum
1586 1150 1634 1184 ut

307 1238 403 1264 cum
425 1223 551 1263 Arato
577 1224 800 1264 amicitiam
827 1223 1088 1273 conciliaret3
1107 1222 1253 1263 deinde
1275 1223 1434 1264 invidos
1449 1223 1633 1273 Aratum,

306 1301 423 1356 quasi
447 1307 555 1341 totus
582 1300 635 1341 ab
666 1301 868 1355 Antigoni
891 1308 1006 1355 parte
1035 1308 1177 1349 staret,
1207 1301 1315 1356 apud
1341 1316 1473 1356 regem
1503 1301 1633 1342 Ptole-

305 1391 486 1426 maeum,
511 1378 691 1418 amicum
713 1379 821 1433 ejus,
846 1378 1118 1420 calumniatos
1138 1393 1218 1420 esse
1225 1394 1237 1431 ;
1258 1387 1346 1420 tum
1362 1380 1633 1421 Ptolemaeum

305 1471 351 1497 ea
375 1456 427 1496 de
444 1470 486 1496 re
513 1470 584 1511 per
605 1456 817 1511 epistolam
841 1471 936 1497 cum
965 1471 1011 1497 eo
1037 1458 1361 1512 expostulavisse.
1418 1458 1633 1498 Conclusio

304 1535 456 1591 igitur,
485 1535 531 1575 in
558 1549 642 1591 qua
670 1535 904 1576 summatim
930 1534 1033 1576 haec
1058 1535 1291 1592 complexa,
1321 1550 1523 1591 quaenam
1550 1536 1632 1577 alia

303 1614 417 1669 sequi
454 1615 580 1669 possit
619 1621 740 1669 atque
775 1613 1037 1668 hujusmodi:
1081 1614 1283 1654 Amicitiis
1323 1615 1462 1670 itaque
1493 1629 1632 1669 regum

304 1707 399 1732 cum
422 1691 570 1742 Arato,
599 1706 699 1746 quas
723 1706 872 1745 magna
896 1692 1158 1732 contentione
1183 1699 1223 1732 et
1252 1692 1410 1732 ardenti
1440 1693 1633 1747 cupidine

304 1768 524 1810 conciliare
564 1767 821 1809 conabantur
860 1768 1021 1824 (reges),
1059 1775 1223 1821 tantum
1251 1770 1520 1825 conjunctum
1549 1776 1633 1810 erat

302 1848 442 1888 livoris
471 1862 518 1888 ac
540 1847 734 1893 malitiae.
780 1847 955 1888 Genitivi
979 1848 1106 1901 igitur
1125 1844 1328 1900 βασιλέων
1344 1845 1412 1888 καὶ
1429 1843 1634 1903 τυράννων

303 1935 387 1969 tam
414 1927 595 1983 pendent
619 1941 643 1967 a
669 1941 753 1967 voc.
783 1921 905 1981 ἔρωσι
931 1941 1054 1984 quam
1084 1941 1107 1967 a
1131 1923 1293 1981 φιλίαις.

814 2121 841 2159 C
862 2121 896 2160 A
918 2120 960 2160 P.
1017 2121 1120 2159 XVI.

358 2253 397 2293 3.
454 2252 652 2299 Βοιωτοῖς
677 2247 726 2291 δὲ
750 2247 858 2303 μετοὲ
882 2246 1041 2305 μυρίων
1057 2249 1315 2304 στρατιωτῶν
1330 2250 1502 2304 βοηθῶν
1520 2245 1634 2291 ὖστέ-

303 2340 401 2384 ρησε
443 2328 518 2383 τῆς
565 2322 728 2382 μάχης,
768 2322 797 2382 ἢ
812 2342 835 2368 ν
885 2324 955 2369 ὑπ’
1000 2326 1206 2369 Αἰτωλῶν
1249 2325 1339 2383 περὶ
1380 2323 1634 2384 Χαιρώνειαν

302 2404 570 2463 ἡττήθησαν»

359 2488 435 2527 Pro
468 2479 520 2541 ἢν
557 2484 777 2540 legendum
818 2484 978 2524 videtur
1016 2473 1062 2541 ᾗ.
1130 2483 1366 2525 Censen-atur
1394 2485 1501 2525 infra
1538 2485 1632 2540 Cap.

304 2565 475 2606 XXXIV.
517 2565 611 2605 init.
675 2558 756 2604 Λιὸ
789 2560 857 2603 καὶ
896 2557 1168 2616 κρατηθέντος
1214 2558 1343 2603 αὐτοῦ
1379 2557 1502 2619 μάχῃ
1546 2561 1635 2617 περὶ

304 2639 530 2685 Φυλακίαν.
561 2643 657 2697 Cap.
686 2642 858 2682 XXXIX.
890 2642 983 2681 init.
1038 2638 1106 2682 καὶ
1131 2636 1255 2698 μάχῃ
1281 2635 1442 2697 μεγάλῃ
1470 2638 1561 2696 περὶ
1589 2637 1636 2682 τό

302 2714 602 2773 Ἑκατόμβαιον
633 2714 896 2774 ἡττηθέντες,
939 2721 1034 2773 Cap.
1078 2720 1215 2759 XLVI.
1249 2720 1341 2759 init.
1400 2714 1635 2774 Κλεομένης
