1894 3371
856 311 1093 352 ..⁶28—

324 447 456 481 aoere,
496 448 625 489 quum
664 440 818 473 constet
849 447 944 473 eum
971 441 1047 474 tres
1075 433 1191 473 urbes
1218 434 1276 474 sic
1306 434 1509 489 appellare
1536 433 1632 475 soli-

308 519 397 552 tum
420 511 525 551 esse?
564 510 804 551 conferatur
825 510 971 567 Polyb.
992 512 1078 551 Lib.
1098 511 1222 559 XVII,
1242 511 1305 559 11,
1324 512 1362 552 4.
1381 519 1419 553 et
1437 513 1474 553 5.
1511 511 1631 553 τοῦῐο

306 587 345 630 δ’
366 588 565 642 ἐπιμελῶς
590 587 777 631 ἐντίκτειν
797 589 1012 644 ἐπειρῶντο
1034 590 1090 647 τῇ
1110 584 1321 647 συγκλήτῳ
1339 587 1499 641 πάντες,
1517 585 1631 637 διότι,

303 668 377 723 τῆς
410 666 618 717 Χαλκίδος
652 667 721 709 καὶ
752 670 828 712 τοῦ
860 666 1077 725 ,Κορίνθου
1115 669 1417 725 (corrigendum
1442 670 1518 725 τῆς
1541 669 1632 719 Κο-

303 743 471 802 ρίνθου)
498 745 566 787 καὶ
592 747 666 802 τῆς
691 743 985 803 Δημητριᾶδος
1009 744 1092 790 ὑπό
1116 748 1177 805 τῷ
1207 740 1417 788 Μακεδόνι
1442 742 1631 800 ταττομέ-

302 839 386 867 νων
391 855 407 875 ,
435 821 516 879 οὐχ
542 819 630 867 οἷόν
656 841 699 869 τε
726 822 823 875 τούς
840 819 1044 881 ’Έλληνας
1063 822 1218 868 ἔννοιαν
1233 826 1372 878 λαβεῖν
1386 821 1630 879 ἐλευθερίας.

301 898 327 943 ὃ
351 899 429 959 γάρ
456 901 577 954 αὐτός
601 902 804 953 Φίλιππος
823 900 930 955 εἶπε,
970 904 1090 945 τοῦτο
1129 901 1197 945 καὶ
1230 900 1323 943 λίαν
1349 899 1506 957 α’ληθὲς
1530 897 1631 956 ἔφα·

302 994 381 1023 σαν
416 976 628 1037 ὑπάρχειν·
667 977 712 1030 ὃς
747 978 830 1037 ἔφη
868 978 965 1031 τούς
1000 977 1309 1038 προειρημένους
1343 976 1493 1029 τόπους
1529 974 1628 1020 εἶναι

299 1054 429 1106 πέδας
454 1055 712 1113 Ἑλληνικοὶς,
739 1056 880 1112 ὀρθῶς
903 1054 1238 1112 ἀποφαινόμενος.
1284 1059 1387 1113 Ergo
1408 1057 1551 1098 dubito
1574 1072 1628 1097 an

298 1136 378 1177 hoc
412 1137 505 1177 loco
542 1145 631 1193 post
658 1136 823 1178 verbum
845 1132 1147 1193 προςαγορεῦειν
1169 1138 1391 1178 exciderint
1413 1138 1530 1178 haec:
1562 1136 1630 1185 καὶ

300 1214 376 1271 τῆν
398 1211 675 1272 Δημητριάδα
700 1215 769 1257 καὶ
793 1212 870 1270 τήν
891 1214 1095 1258 Χαλκίδα.
1118 1241 1168 1247 --
1198 1216 1349 1257 Deinde
1367 1217 1501 1256 minus
1526 1224 1629 1256 recte

298 1294 377 1335 sibi
406 1303 674 1350 opponuntur
700 1310 809 1337 voce.
836 1293 1036 1345 παίζοντα
1056 1303 1096 1336 et
1122 1293 1308 1350 α’ληθῶς.
1335 1297 1501 1336 Tametsi
1518 1296 1626 1335 enim

297 1374 391 1429 quis
412 1375 578 1428 jocatur
605 1387 742 1414 verum
773 1381 909 1414 tamen
938 1374 1068 1415 dicere
1093 1382 1234 1429 potest.
1281 1375 1456 1415 Fortasse
1475 1373 1627 1414 excidit

297 1467 382 1492 voc.
411 1447 603 1506 φαύλως,
631 1452 744 1507 quod
772 1453 918 1493 rectius
947 1454 1170 1507 opponitur
1196 1467 1282 1494 voc.
1309 1449 1508 1506 ἀληθῶς,
1531 1468 1626 1492 eon-

296 1530 448 1570 feratur
486 1531 557 1571 vit.
594 1529 714 1585 Agid.
742 1537 782 1570 et
811 1530 961 1571 Cleom.
990 1530 1085 1585 Pag.
1113 1529 1217 1578 795,
1247 1530 1291 1571 Β.
1328 1531 1527 1571 inseratur
1556 1545 1625 1572 au-

296 1618 377 1650 tem
404 1616 496 1664 post
520 1608 766 1664 particulam
796 1605 858 1664 μῆ
885 1611 943 1650 ita
974 1617 1109 1650 tamen
1142 1617 1189 1649 ut
1213 1610 1466 1664 transpositis
1496 1608 1625 1649 verbis

295 1685 494 1737 nass'ovta
519 1686 651 1728 δοκεῖν
676 1689 734 1728 sic
758 1688 937 1742 legatur:
968 1679 1067 1736 ὥςτε
1097 1682 1162 1745 μή
1184 1685 1354 1743 φαύλως
1382 1687 1515 1729 δοκεῖν
1535 1685 1623 1729 παί-

296 1764 419 1814 ζοντα
440 1762 512 1807 τόν
535 1760 725 1821 νεώτερον
750 1763 981 1816 Φίλιππον,
1007 1763 1087 1807 xrs.

796 1960 823 2001 C
845 1960 880 2002 Α
898 1960 941 2002 P.
997 1960 1123 2003 XVII.

352 2089 387 2130 1.
442 2087 560 2131 Πᾶσι
582 2085 661 2142 μὲν
682 2081 757 2131 οὖν
782 2083 1057 2145 περιμάχητος
1081 2081 1135 2144 ἦν
1157 2085 1181 2130 ὅ
1206 2082 1329 2137 τόπος
1356 2083 1418 2129 uisi
1445 2086 1525 2129 καὶ
1552 2089 1623 2142 βα-

292 2168 444 2208 σιλεῦσι
471 2167 539 2208 καὶ
565 2162 803 2218 δυνάσταις,
831 2165 861 2222 ἡ
883 2164 922 2208 δ’
943 2165 1179 2221 Ἀντιγόνου
1202 2164 1366 2221 σπουδή
1387 2167 1477 2222 περὶ
1503 2164 1624 2208 αὐτόν

291 2243 413 2288 οὐδὲν
450 2242 672 2288 ἀπέλιπε
712 2240 870 2288 πάθει
918 2246 1020 2288 τῶν
1064 2238 1467 2299 ἐμμανεστάτων
1509 2239 1623 2300 ἐρῶ-

291 2339 409 2373 των,
435 2320 526 2364 ἀλλ’
550 2319 869 2378 ὅλος-ἀνήρτητο
895 2325 986 2371 ταῖς
1011 2320 1242 2378 φροντίσιν,
1268 2315 1379 2370 ὅπως
1404 2326 1621 2379 αφαιρῆσε-

290 2418 356 2444 ται
377 2397 488 2461 δόλῳ
504 2397 601 2451 τούς
625 2398 815 2455 ἔχοντας,

345 2482 417 2520 Hic
451 2481 564 2521 locus
599 2481 741 2521 misere
771 2487 983 2534 corruptus
1012 2486 1083 2519 est.
1140 2480 1321 2519 Primum
1352 2493 1490 2520 omnes
1522 2479 1619 2520 libri

292 2560 487 2601 exhibent
512 2556 583 2601 -οἷεὶ
609 2556 658 2601 δὲ
683 2558 914 2614 βασιλεῦσι,
951 2573 1056 2615 quae
1087 2559 1210 2601 lectio
1238 2567 1297 2602 est
1326 2575 1461 2617 prava.
1519 2562 1621 2603 Haec

289 2639 401 2679 enim
444 2638 645 2694 particula
686 2633 737 2678 δέ
777 2651 864 2677 non
900 2638 1053 2693 opponi
1087 2645 1217 2694 potest
1258 2631 1463 2680 vocabulis
1504 2639 1620 2682 Πᾶσι

287 2713 387 2770 μέν,
415 2715 565 2773 quibus
602 2715 813 2769 βασιλεῦσι
843 2713 911 2756 καὶ
943 2709 1165 2764 δυνάσταις
1201 2718 1399 2772 appositio
1434 2726 1511 2767 est,
1532 2719 1617 2759 sed
