<?xml version="1.0" encoding="UTF-8"?>
<!DOCTYPE html PUBLIC "-//W3C//DTD XHTML 1.0 Transitional//EN"
    "http://www.w3.org/TR/xhtml1/DTD/xhtml1-transitional.dtd">
<html xmlns="http://www.w3.org/1999/xhtml" xml:lang="en" lang="en">
 <head>
  <title>
</title>
<meta http-equiv="Content-Type" content="text/html;charset=utf-8" />
  <meta name='ocr-system' content='tesseract 3.04.00' />
  <meta name='ocr-capabilities' content='ocr_page ocr_carea ocr_par ocr_line ocrx_word'/>
</head>
<body>
  <div class='ocr_page' id='page_1' title='image "4738015_0050.png"; bbox 0 0 1894 3371; ppageno 0'>
   <div class='ocr_carea' id='block_1_1' title="bbox 846 334 1080 392">
    <p class='ocr_par' dir='ltr' id='par_1_1' title="bbox 846 334 1080 392">
     <span class='ocr_line' id='line_1_1' title="bbox 846 334 1080 392; baseline -0.004 -26"><span class='ocrx_word' id='word_1_1' title='bbox 846 334 1080 392; x_wconf 73' lang='grc'><strong>-36-</strong></span> 
     </span>
    </p>
   </div>
   <div class='ocr_carea' id='block_1_2' title="bbox 294 449 1631 1057">
    <p class='ocr_par' dir='ltr' id='par_1_2' title="bbox 300 449 1627 585">
     <span class='ocr_line' id='line_1_2' title="bbox 355 449 1627 509; baseline -0.003 -13"><span class='ocrx_word' id='word_1_2' title='bbox 355 457 394 498; x_wconf 88' lang='grc'><strong><em>3.</em></strong></span> <span class='ocrx_word' id='word_1_3' title='bbox 451 453 501 495; x_wconf 86' lang='grc' dir='ltr'>Ὁ</span> <span class='ocrx_word' id='word_1_4' title='bbox 532 452 609 509; x_wconf 69' lang='grc' dir='ltr'><strong><em>γάρ</em></strong></span> <span class='ocrx_word' id='word_1_5' title='bbox 636 450 789 508; x_wconf 80' lang='grc' dir='ltr'><strong><em>οἰκέτης</em></strong></span> <span class='ocrx_word' id='word_1_6' title='bbox 817 453 891 494; x_wconf 80' lang='grc' dir='ltr'><strong><em>τοῦ</em></strong></span> <span class='ocrx_word' id='word_1_7' title='bbox 917 449 1099 508; x_wconf 81' lang='grc' dir='ltr'><em>Ἀράτου</em></span> <span class='ocrx_word' id='word_1_8' title='bbox 1133 450 1304 506; x_wconf 80' lang='grc' dir='ltr'><strong><em>Τέχνων</em></strong></span> <span class='ocrx_word' id='word_1_9' title='bbox 1330 450 1528 508; x_wconf 75' lang='grc' dir='ltr'><em>ἐπέμφθη</em></span> <span class='ocrx_word' id='word_1_10' title='bbox 1550 449 1627 505; x_wconf 79' lang='grc' dir='ltr'><strong><em>μὲν</em></strong></span> 
     </span>
     <span class='ocr_line' id='line_1_3' title="bbox 300 526 1467 585; baseline -0.003 -10"><span class='ocrx_word' id='word_1_11' title='bbox 300 533 364 582; x_wconf 72' lang='grc' dir='ltr'><strong><em>αἶς</em></strong></span> <span class='ocrx_word' id='word_1_12' title='bbox 387 529 493 585; x_wconf 75' lang='grc' dir='ltr'><strong><em>μετιὶ</em></strong></span> <span class='ocrx_word' id='word_1_13' title='bbox 520 533 595 573; x_wconf 83' lang='grc' dir='ltr'><strong><em>τοῦ</em></strong></span> <span class='ocrx_word' id='word_1_14' title='bbox 622 528 843 579; x_wconf 71' lang='grc' dir='ltr'><strong><em>Διοκλέους</em></strong></span> <span class='ocrx_word' id='word_1_15' title='bbox 870 526 1218 583; x_wconf 71' lang='grc' dir='ltr'><em>κατασκεψόμενος</em></span> <span class='ocrx_word' id='word_1_16' title='bbox 1243 529 1291 572; x_wconf 73' lang='grc' dir='ltr'><strong><em>τό</em></strong></span> <span class='ocrx_word' id='word_1_17' title='bbox 1316 534 1467 585; x_wconf 82' lang='grc' dir='ltr'><strong><em>τεῖχος,</em></strong></span> 
     </span>
    </p>

    <p class='ocr_par' dir='ltr' id='par_1_3' title="bbox 294 607 1631 1057">
     <span class='ocr_line' id='line_1_4' title="bbox 352 607 1624 666; baseline 0.001 -15"><span class='ocrx_word' id='word_1_18' title='bbox 352 610 555 652; x_wconf 75' lang='lat' dir='ltr'><strong>particula</strong></span> <span class='ocrx_word' id='word_1_19' title='bbox 584 607 641 659; x_wconf 72' lang='grc' dir='ltr'><strong><em>οἷς</em></strong></span> <span class='ocrx_word' id='word_1_20' title='bbox 670 610 750 651; x_wconf 92' lang='lat' dir='ltr'><strong><em>hoc</em></strong></span> <span class='ocrx_word' id='word_1_21' title='bbox 772 610 869 651; x_wconf 68' lang='lat' dir='ltr'><strong>&#39;loco</strong></span> <span class='ocrx_word' id='word_1_22' title='bbox 893 624 982 650; x_wconf 91' lang='lat' dir='ltr'><strong><em>non</em></strong></span> <span class='ocrx_word' id='word_1_23' title='bbox 1000 609 1193 666; x_wconf 82' lang='lat' dir='ltr'><strong>quadrat,</strong></span> <span class='ocrx_word' id='word_1_24' title='bbox 1223 626 1246 651; x_wconf 87' lang='lat' dir='ltr'><strong>a</strong></span> <span class='ocrx_word' id='word_1_25' title='bbox 1266 612 1496 666; x_wconf 84' lang='lat' dir='ltr'><strong>magistello</strong></span> <span class='ocrx_word' id='word_1_26' title='bbox 1511 612 1624 652; x_wconf 81' lang='lat' dir='ltr'>laeva</span> 
     </span>
     <span class='ocr_line' id='line_1_5' title="bbox 295 688 1631 745; baseline 0 -16"><span class='ocrx_word' id='word_1_27' title='bbox 295 704 423 729; x_wconf 85' lang='lat' dir='ltr'>manu</span> <span class='ocrx_word' id='word_1_28' title='bbox 452 691 603 729; x_wconf 83' lang='lat' dir='ltr'><strong>inserta</strong></span> <span class='ocrx_word' id='word_1_29' title='bbox 631 697 709 741; x_wconf 79' lang='lat' dir='ltr'>est3</span> <span class='ocrx_word' id='word_1_30' title='bbox 740 703 839 730; x_wconf 85' lang='lat' dir='ltr'><strong><em>nam</em></strong></span> <span class='ocrx_word' id='word_1_31' title='bbox 857 690 1087 730; x_wconf 82' lang='lat' dir='ltr'>conseratur</span> <span class='ocrx_word' id='word_1_32' title='bbox 1104 690 1194 745; x_wconf 89' lang='lat' dir='ltr'><strong>huj.</strong></span> <span class='ocrx_word' id='word_1_33' title='bbox 1214 690 1309 745; x_wconf 88' lang='lat' dir='ltr'>Cap.</span> <span class='ocrx_word' id='word_1_34' title='bbox 1333 690 1424 730; x_wconf 66' lang='lat' dir='ltr'><strong><em>fin.&#39;</em></strong></span> <span class='ocrx_word' id='word_1_35' title='bbox 1448 688 1631 742; x_wconf 77' lang='grc' dir='ltr'><strong><em>ἔπεμψεν</em></strong></span> 
     </span>
     <span class='ocr_line' id='line_1_6' title="bbox 295 762 1624 824; baseline -0.002 -14"><span class='ocrx_word' id='word_1_36' title='bbox 295 765 426 817; x_wconf 73' lang='grc' dir='ltr'><strong><em>εὕθΰς</em></strong></span> <span class='ocrx_word' id='word_1_37' title='bbox 459 763 531 810; x_wconf 75' lang='grc' dir='ltr'><strong><em>τᾶν</em></strong></span> <span class='ocrx_word' id='word_1_38' title='bbox 564 764 750 823; x_wconf 78' lang='grc' dir='ltr'><strong><em>Ἐργῖνον</em></strong></span> <span class='ocrx_word' id='word_1_39' title='bbox 777 793 831 800; x_wconf 92' lang='grc'>-</span> <span class='ocrx_word' id='word_1_40' title='bbox 865 762 1130 823; x_wconf 79' lang='grc' dir='ltr'><strong><em>δεησόμενον,</em></strong></span> <span class='ocrx_word' id='word_1_41' title='bbox 1163 783 1283 824; x_wconf 85' lang='lat' dir='ltr'><strong>supra</strong></span> <span class='ocrx_word' id='word_1_42' title='bbox 1319 768 1414 824; x_wconf 87' lang='lat' dir='ltr'><strong>Cap.</strong></span> <span class='ocrx_word' id='word_1_43' title='bbox 1443 770 1489 809; x_wconf 87' lang='lat' dir='ltr'><strong><em>V.</em></strong></span> <span class='ocrx_word' id='word_1_44' title='bbox 1517 768 1624 810; x_wconf 84' lang='lat' dir='ltr'><strong>med.</strong></span> 
     </span>
     <span class='ocr_line' id='line_1_7' title="bbox 295 842 1625 898; baseline -0.002 -12"><span class='ocrx_word' id='word_1_45' title='bbox 295 843 493 898; x_wconf 72' lang='grc' dir='ltr'><strong><em>ἐκπέμπει</em></strong></span> <span class='ocrx_word' id='word_1_46' title='bbox 520 842 677 894; x_wconf 73' lang='grc' dir='ltr'><strong><em>οἰκέτας</em></strong></span> <span class='ocrx_word' id='word_1_47' title='bbox 703 870 757 879; x_wconf 92' lang='grc'><strong>-</strong></span> <span class='ocrx_word' id='word_1_48' title='bbox 784 843 1163 898; x_wconf 72' lang='grc' dir='ltr'><strong><em>κατασκεψομένους</em></strong></span> <span class='ocrx_word' id='word_1_49' title='bbox 1188 843 1236 886; x_wconf 71' lang='grc' dir='ltr'><strong><em>τό</em></strong></span> <span class='ocrx_word' id='word_1_50' title='bbox 1261 847 1406 898; x_wconf 79' lang='grc' dir='ltr'><strong><em>τεῖχος.</em></strong></span> <span class='ocrx_word' id='word_1_51' title='bbox 1444 847 1546 884; x_wconf 84' lang='lat' dir='ltr'><strong>Inde</strong></span> <span class='ocrx_word' id='word_1_52' title='bbox 1570 860 1625 884; x_wconf 86' lang='lat' dir='ltr'><strong><em>se-</em></strong></span> 
     </span>
     <span class='ocr_line' id='line_1_8' title="bbox 294 916 1623 980; baseline -0.001 -15"><span class='ocrx_word' id='word_1_53' title='bbox 294 926 437 980; x_wconf 84' lang='lat' dir='ltr'><strong>quitur</strong></span> <span class='ocrx_word' id='word_1_54' title='bbox 472 932 520 966; x_wconf 76' lang='lat' dir='ltr'><strong><em>ut</em></strong></span> <span class='ocrx_word' id='word_1_55' title='bbox 552 926 706 966; x_wconf 83' lang='lat' dir='ltr'>Passive</span> <span class='ocrx_word' id='word_1_56' title='bbox 729 925 955 966; x_wconf 85' lang='lat' dir='ltr'><strong>dicendum</strong></span> <span class='ocrx_word' id='word_1_57' title='bbox 982 926 1051 966; x_wconf 84' lang='lat' dir='ltr'><strong>sit:</strong></span> <span class='ocrx_word' id='word_1_58' title='bbox 1090 921 1303 977; x_wconf 81' lang='grc' dir='ltr'><strong><em>πέμπομαι</em></strong></span> <span class='ocrx_word' id='word_1_59' title='bbox 1329 916 1623 976; x_wconf 82' lang='grc' dir='ltr'><strong><em>κατασκεψόμε-</em></strong></span> 
     </span>
     <span class='ocr_line' id='line_1_9' title="bbox 294 999 1016 1057; baseline -0.001 -14"><span class='ocrx_word' id='word_1_60' title='bbox 294 1017 375 1051; x_wconf 84' lang='grc' dir='ltr'><strong><em>νος.</em></strong></span> <span class='ocrx_word' id='word_1_61' title='bbox 431 1003 764 1057; x_wconf 85' lang='lat' dir='ltr'>Expungendum</span> <span class='ocrx_word' id='word_1_62' title='bbox 792 1003 918 1057; x_wconf 83' lang='lat' dir='ltr'><strong>igitur</strong></span> <span class='ocrx_word' id='word_1_63' title='bbox 946 999 1016 1051; x_wconf 70' lang='grc' dir='ltr'><strong><em>(εἷς.</em></strong></span> 
     </span>
    </p>
   </div>
   <div class='ocr_carea' id='block_1_3' title="bbox 294 1155 1625 1372">
    <p class='ocr_par' dir='ltr' id='par_1_4' title="bbox 294 1155 1625 1372">
     <span class='ocr_line' id='line_1_10' title="bbox 351 1155 1624 1214; baseline 0.002 -16"><span class='ocrx_word' id='word_1_64' title='bbox 351 1160 420 1199; x_wconf 87' lang='grc'><strong><em>31.</em></strong></span> <span class='ocrx_word' id='word_1_65' title='bbox 477 1155 683 1201; x_wconf 85' lang='grc' dir='ltr'><strong><em>Ἑλθόντα</em></strong></span> <span class='ocrx_word' id='word_1_66' title='bbox 711 1157 749 1200; x_wconf 76' lang='grc' dir='ltr'><strong><em>δ’</em></strong></span> <span class='ocrx_word' id='word_1_67' title='bbox 767 1157 891 1201; x_wconf 72' lang='grc' dir='ltr'><strong><em>αὐτόν</em></strong></span> <span class='ocrx_word' id='word_1_68' title='bbox 915 1156 1047 1201; x_wconf 71' lang='grc' dir='ltr'><strong><em>οὐκέτι</em></strong></span> <span class='ocrx_word' id='word_1_69' title='bbox 1073 1159 1278 1214; x_wconf 76' lang='grc' dir='ltr'><strong><em>διῆκαν,</em></strong></span> <span class='ocrx_word' id='word_1_70' title='bbox 1305 1158 1414 1200; x_wconf 73' lang='grc' dir='ltr'><strong><em>ἀλλά</em></strong></span> <span class='ocrx_word' id='word_1_71' title='bbox 1430 1155 1624 1214; x_wconf 72' lang='grc' dir='ltr'><strong><em>δήσαντες</em></strong></span> 
     </span>
     <span class='ocr_line' id='line_1_11' title="bbox 294 1231 1479 1295; baseline 0 -17"><span class='ocrx_word' id='word_1_72' title='bbox 294 1231 525 1292; x_wconf 70' lang='grc' dir='ltr'><strong><em>ἐφύλαττον</em></strong></span> <span class='ocrx_word' id='word_1_73' title='bbox 552 1236 598 1278; x_wconf 82' lang='grc' dir='ltr'><strong><em>ἒν</em></strong></span> <span class='ocrx_word' id='word_1_74' title='bbox 626 1236 783 1295; x_wconf 78' lang='grc' dir='ltr'><strong><em>οἶκίσκῳ</em></strong></span> <span class='ocrx_word' id='word_1_75' title='bbox 812 1234 1194 1291; x_wconf 79' lang='grc' dir='ltr'><strong><em>κατακεκλεισμένον·</em></strong></span> <span class='ocrx_word' id='word_1_76' title='bbox 1477 1233 1479 1235; x_wconf 50' lang='grc'>’</span> 
     </span>
     <span class='ocr_line' id='line_1_12' title="bbox 348 1316 1625 1372; baseline 0.002 -17"><span class='ocrx_word' id='word_1_77' title='bbox 348 1317 524 1355; x_wconf 84' lang='lat' dir='ltr'>Verbum</span> <span class='ocrx_word' id='word_1_78' title='bbox 563 1316 713 1370; x_wconf 77' lang='grc' dir='ltr'><strong><em>διῆκαν</em></strong></span> <span class='ocrx_word' id='word_1_79' title='bbox 749 1317 826 1356; x_wconf 92' lang='lat' dir='ltr'><strong><em>hoc</em></strong></span> <span class='ocrx_word' id='word_1_80' title='bbox 862 1317 955 1356; x_wconf 90' lang='lat' dir='ltr'>loco</span> <span class='ocrx_word' id='word_1_81' title='bbox 993 1318 1130 1356; x_wconf 88' lang='lat' dir='ltr'><strong>minus</strong></span> <span class='ocrx_word' id='word_1_82' title='bbox 1166 1325 1305 1372; x_wconf 81' lang='lat' dir='ltr'>aptum</span> <span class='ocrx_word' id='word_1_83' title='bbox 1342 1318 1499 1357; x_wconf 80' lang='lat' dir='ltr'>videtur</span> <span class='ocrx_word' id='word_1_84' title='bbox 1532 1331 1625 1357; x_wconf 86' lang='lat' dir='ltr'><strong>esse.</strong></span> 
     </span>
    </p>
   </div>
   <div class='ocr_carea' id='block_1_4' title="bbox 294 1390 1621 1450">
    <p class='ocr_par' dir='ltr' id='par_1_5' title="bbox 294 1390 1621 1450">
     <span class='ocr_line' id='line_1_13' title="bbox 294 1390 1621 1450; baseline 0.001 -15"><span class='ocrx_word' id='word_1_85' title='bbox 294 1394 587 1449; x_wconf 86' lang='lat' dir='ltr'>Corrigendum</span> <span class='ocrx_word' id='word_1_86' title='bbox 621 1408 703 1435; x_wconf 87' lang='lat' dir='ltr'><strong>esse</strong></span> <span class='ocrx_word' id='word_1_87' title='bbox 731 1393 905 1435; x_wconf 83' lang='lat' dir='ltr'><strong>arbitror</strong></span> <span class='ocrx_word' id='word_1_88' title='bbox 932 1390 1099 1450; x_wconf 71' lang='grc' dir='ltr'><strong><em>ἀφῆκαν</em></strong></span> <span class='ocrx_word' id='word_1_89' title='bbox 1126 1396 1154 1436; x_wconf 88' lang='lat' dir='ltr'><strong><em>i.</em></strong></span> <span class='ocrx_word' id='word_1_90' title='bbox 1181 1410 1214 1436; x_wconf 91' lang='lat' dir='ltr'><strong><em>e.</em></strong></span> <span class='ocrx_word' id='word_1_91' title='bbox 1248 1401 1401 1435; x_wconf 70' lang='lat' dir='ltr'><em>mIssum</em></span> <span class='ocrx_word' id='word_1_92' title='bbox 1424 1395 1621 1447; x_wconf 75' lang='lat' dir='ltr'><strong><em>ficerunt,</em></strong></span> 
     </span>
    </p>
   </div>
   <div class='ocr_carea' id='block_1_5' title="bbox 292 1472 1623 1683">
    <p class='ocr_par' dir='ltr' id='par_1_6' title="bbox 292 1472 1623 1683">
     <span class='ocr_line' id='line_1_14' title="bbox 292 1472 1621 1528; baseline 0.001 -16"><span class='ocrx_word' id='word_1_93' title='bbox 292 1489 314 1512; x_wconf 80' lang='lat' dir='ltr'><strong><em>e</em></strong></span> <span class='ocrx_word' id='word_1_94' title='bbox 349 1474 523 1511; x_wconf 70' lang='lat' dir='ltr'><em>manibus</em></span> <span class='ocrx_word' id='word_1_95' title='bbox 556 1478 774 1512; x_wconf 76' lang='lat' dir='ltr'><em>emiserunt..</em></span> <span class='ocrx_word' id='word_1_96' title='bbox 831 1473 1069 1512; x_wconf 82' lang='lat' dir='ltr'>Conferatur</span> <span class='ocrx_word' id='word_1_97' title='bbox 1103 1473 1209 1512; x_wconf 82' lang='lat' dir='ltr'>infra</span> <span class='ocrx_word' id='word_1_98' title='bbox 1246 1473 1340 1528; x_wconf 86' lang='lat' dir='ltr'>Cap.</span> <span class='ocrx_word' id='word_1_99' title='bbox 1369 1474 1514 1513; x_wconf 89' lang='lat' dir='ltr'><strong>XXIII.</strong></span> <span class='ocrx_word' id='word_1_100' title='bbox 1547 1472 1621 1514; x_wconf 88' lang='lat' dir='ltr'><strong><em>fin.</em></strong></span> 
     </span>
     <span class='ocr_line' id='line_1_15' title="bbox 292 1546 1621 1607; baseline -0.001 -13"><span class='ocrx_word' id='word_1_101' title='bbox 292 1548 524 1607; x_wconf 79' lang='grc' dir='ltr'><strong><em>Ἀρχέλαον</em></strong></span> <span class='ocrx_word' id='word_1_102' title='bbox 549 1548 626 1603; x_wconf 82' lang='grc' dir='ltr'><strong><em>μὲν</em></strong></span> <span class='ocrx_word' id='word_1_103' title='bbox 647 1548 803 1605; x_wconf 80' lang='grc' dir='ltr'><strong><em>α’φῆκεν</em></strong></span> <span class='ocrx_word' id='word_1_104' title='bbox 819 1548 1050 1606; x_wconf 72' lang='grc' dir='ltr'><strong><em>ὑποχείριον</em></strong></span> <span class='ocrx_word' id='word_1_105' title='bbox 1066 1546 1295 1604; x_wconf 73' lang='grc' dir='ltr'><strong><em>γενόμενον,</em></strong></span> <span class='ocrx_word' id='word_1_106' title='bbox 1323 1552 1403 1593; x_wconf 85' lang='lat' dir='ltr'><strong>Vit.</strong></span> <span class='ocrx_word' id='word_1_107' title='bbox 1423 1552 1507 1593; x_wconf 86' lang='lat' dir='ltr'><strong>Cat.</strong></span> <span class='ocrx_word' id='word_1_108' title='bbox 1526 1552 1621 1593; x_wconf 76' lang='lat' dir='ltr'>Min.</span> 
     </span>
     <span class='ocr_line' id='line_1_16' title="bbox 294 1623 1623 1683; baseline 0 -15"><span class='ocrx_word' id='word_1_109' title='bbox 294 1630 388 1683; x_wconf 80' lang='lat' dir='ltr'><strong>Pag.</strong></span> <span class='ocrx_word' id='word_1_110' title='bbox 416 1629 520 1676; x_wconf 89' lang='lat'>778,</span> <span class='ocrx_word' id='word_1_111' title='bbox 551 1630 594 1668; x_wconf 86' lang='lat' dir='ltr'><strong><em>C.</em></strong></span> <span class='ocrx_word' id='word_1_112' title='bbox 652 1626 801 1668; x_wconf 71' lang='grc' dir='ltr'><strong><em>Νικίαν</em></strong></span> <span class='ocrx_word' id='word_1_113' title='bbox 835 1625 903 1677; x_wconf 77' lang='grc' dir='ltr'><strong><em>δὲ,</em></strong></span> <span class='ocrx_word' id='word_1_114' title='bbox 940 1624 1009 1669; x_wconf 75' lang='grc' dir='ltr'><strong><em>τὸν</em></strong></span> <span class='ocrx_word' id='word_1_115' title='bbox 1040 1623 1249 1680; x_wconf 79' lang='grc' dir='ltr'><strong><em>οἰκονόμον</em></strong></span> <span class='ocrx_word' id='word_1_116' title='bbox 1275 1629 1358 1669; x_wconf 80' lang='grc' dir='ltr'><strong><em>τῶν</em></strong></span> <span class='ocrx_word' id='word_1_117' title='bbox 1383 1630 1623 1681; x_wconf 81' lang='grc' dir='ltr'><strong><em>βασιλικῶν,</em></strong></span> 
     </span>
    </p>
   </div>
   <div class='ocr_carea' id='block_1_6' title="bbox 291 1703 1147 1762">
    <p class='ocr_par' dir='ltr' id='par_1_7' title="bbox 291 1703 1147 1762">
     <span class='ocr_line' id='line_1_17' title="bbox 291 1703 1147 1762; baseline -0.002 -14"><span class='ocrx_word' id='word_1_118' title='bbox 291 1704 509 1762; x_wconf 77' lang='grc' dir='ltr'><strong><em>ἐλεύθερον</em></strong></span> <span class='ocrx_word' id='word_1_119' title='bbox 534 1703 663 1749; x_wconf 77' lang='grc' dir='ltr'><strong><em>ἔπεισε</em></strong></span> <span class='ocrx_word' id='word_1_120' title='bbox 690 1704 765 1761; x_wconf 81' lang='grc' dir='ltr'><strong><em>τήν</em></strong></span> <span class='ocrx_word' id='word_1_121' title='bbox 790 1703 945 1761; x_wconf 73' lang='grc' dir='ltr'><strong><em>βουλήν</em></strong></span> <span class='ocrx_word' id='word_1_122' title='bbox 970 1704 1147 1760; x_wconf 79' lang='grc' dir='ltr'><strong><em>α’φεῖναι.</em></strong></span> 
     </span>
    </p>
   </div>
   <div class='ocr_carea' id='block_1_7' title="bbox 900 1816 1029 1821">
    <p class='ocr_par' dir='ltr' id='par_1_8' title="bbox 900 1816 1029 1821">
     <span class='ocr_line' id='line_1_18' title="bbox 900 1816 1029 1821; baseline 0 0"><span class='ocrx_word' id='word_1_123' title='bbox 900 1816 1029 1821; x_wconf 95' lang='lat' dir='ltr'><strong><em> </em></strong></span> 
     </span>
    </p>
   </div>
   <div class='ocr_carea' id='block_1_8' title="bbox 809 1900 1114 1941">
    <p class='ocr_par' dir='ltr' id='par_1_9' title="bbox 809 1900 1114 1941">
     <span class='ocr_line' id='line_1_19' title="bbox 809 1900 1114 1941; baseline 0.007 -2"><span class='ocrx_word' id='word_1_124' title='bbox 809 1900 836 1938; x_wconf 90' lang='lat' dir='ltr'>C</span> <span class='ocrx_word' id='word_1_125' title='bbox 857 1900 890 1940; x_wconf 89' lang='lat' dir='ltr'><strong>A</strong></span> <span class='ocrx_word' id='word_1_126' title='bbox 911 1900 952 1940; x_wconf 91' lang='lat' dir='ltr'><strong><em>P.</em></strong></span> <span class='ocrx_word' id='word_1_127' title='bbox 1010 1901 1114 1941; x_wconf 90' lang='lat' dir='ltr'><strong>XXI.</strong></span> 
     </span>
    </p>
   </div>
   <div class='ocr_carea' id='block_1_9' title="bbox 290 2023 1623 2712">
    <p class='ocr_par' dir='ltr' id='par_1_10' title="bbox 352 2023 1622 2081">
     <span class='ocr_line' id='line_1_20' title="bbox 352 2023 1622 2081; baseline 0.001 -15"><span class='ocrx_word' id='word_1_128' title='bbox 352 2026 416 2066; x_wconf 91' lang='lat'><strong><em>10.</em></strong></span> <span class='ocrx_word' id='word_1_129' title='bbox 467 2023 682 2067; x_wconf 75' lang='grc' dir='ltr'><strong><em>Ἐνταῦθα</em></strong></span> <span class='ocrx_word' id='word_1_130' title='bbox 709 2025 736 2066; x_wconf 79' lang='grc' dir='ltr'><em>δ</em></span> <span class='ocrx_word' id='word_1_131' title='bbox 746 2028 768 2074; x_wconf 48' lang='grc' dir='ltr'><strong><em>ὲ,</em></strong></span> <span class='ocrx_word' id='word_1_132' title='bbox 792 2024 831 2067; x_wconf 79' lang='grc' dir='ltr'><strong><em>οἱ</em></strong></span> <span class='ocrx_word' id='word_1_133' title='bbox 848 2024 925 2079; x_wconf 80' lang='grc' dir='ltr'><strong><em>μὲν</em></strong></span> <span class='ocrx_word' id='word_1_134' title='bbox 942 2028 1056 2067; x_wconf 83' lang='grc' dir='ltr'><strong><em>ἄλλοι</em></strong></span> <span class='ocrx_word' id='word_1_135' title='bbox 1073 2024 1389 2081; x_wconf 76' lang='grc' dir='ltr'><strong><em>συγκαθίσαντες</em></strong></span> <span class='ocrx_word' id='word_1_136' title='bbox 1403 2023 1622 2069; x_wconf 72' lang='grc' dir='ltr'><strong><em>ὑπελύοντο</em></strong></span> 
     </span>
    </p>

    <p class='ocr_par' dir='ltr' id='par_1_11' title="bbox 290 2103 1623 2712">
     <span class='ocr_line' id='line_1_21' title="bbox 291 2103 1621 2161; baseline 0.001 -14"><span class='ocrx_word' id='word_1_137' title='bbox 291 2103 366 2154; x_wconf 81' lang='grc' dir='ltr'><strong><em>τοῖς</em></strong></span> <span class='ocrx_word' id='word_1_138' title='bbox 391 2105 602 2161; x_wconf 77' lang='grc' dir='ltr'><strong><em>κρηπῖδας·</em></strong></span> <span class='ocrx_word' id='word_1_139' title='bbox 630 2108 720 2147; x_wconf 83' lang='grc' dir='ltr'><strong><em>οὔτε</em></strong></span> <span class='ocrx_word' id='word_1_140' title='bbox 745 2103 825 2161; x_wconf 73' lang='grc' dir='ltr'><strong><em>γάρ</em></strong></span> <span class='ocrx_word' id='word_1_141' title='bbox 851 2103 990 2157; x_wconf 78' lang='grc' dir='ltr'><strong><em>ψόφον</em></strong></span> <span class='ocrx_word' id='word_1_142' title='bbox 1016 2107 1175 2147; x_wconf 80' lang='grc' dir='ltr'><strong><em>ποιοῦσι</em></strong></span> <span class='ocrx_word' id='word_1_143' title='bbox 1202 2103 1331 2147; x_wconf 76' lang='grc' dir='ltr'><strong><em>πολιῗν</em></strong></span> <span class='ocrx_word' id='word_1_144' title='bbox 1350 2104 1432 2147; x_wconf 81' lang='grc' dir='ltr'><strong><em>οὔτ’</em></strong></span> <span class='ocrx_word' id='word_1_145' title='bbox 1454 2104 1621 2161; x_wconf 75' lang='grc' dir='ltr'><strong><em>ὀλισθή-</em></strong></span> 
     </span>
     <span class='ocr_line' id='line_1_22' title="bbox 290 2179 1623 2239; baseline 0.001 -13"><span class='ocrx_word' id='word_1_146' title='bbox 290 2201 405 2237; x_wconf 84' lang='grc' dir='ltr'><strong><em>ματα</em></strong></span> <span class='ocrx_word' id='word_1_147' title='bbox 441 2179 698 2239; x_wconf 76' lang='grc' dir='ltr'><strong><em>λαμβάνουσι</em></strong></span> <span class='ocrx_word' id='word_1_148' title='bbox 742 2186 912 2238; x_wconf 80' lang='grc' dir='ltr'><strong><em>γυμνοῖς</em></strong></span> <span class='ocrx_word' id='word_1_149' title='bbox 951 2185 1037 2233; x_wconf 83' lang='grc' dir='ltr'><strong><em>τοῖς</em></strong></span> <span class='ocrx_word' id='word_1_150' title='bbox 1075 2182 1194 2226; x_wconf 79' lang='grc' dir='ltr'><strong><em>ποσὶν</em></strong></span> <span class='ocrx_word' id='word_1_151' title='bbox 1236 2180 1623 2238; x_wconf 75' lang='grc' dir='ltr'><strong><em>ἀντιλαμβανόμενοι</em></strong></span> 
     </span>
     <span class='ocr_line' id='line_1_23' title="bbox 290 2258 620 2314; baseline -0.006 -10"><span class='ocrx_word' id='word_1_152' title='bbox 290 2265 374 2304; x_wconf 79' lang='grc' dir='ltr'><strong><em>τῶν</em></strong></span> <span class='ocrx_word' id='word_1_153' title='bbox 399 2258 620 2314; x_wconf 77' lang='grc' dir='ltr'><strong><em>κλιμάκων·</em></strong></span> 
     </span>
     <span class='ocr_line' id='line_1_24' title="bbox 298 2340 1623 2399; baseline 0 -15"><span class='ocrx_word' id='word_1_154' title='bbox 298 2379 301 2383; x_wconf 78' lang='grc'>,</span> <span class='ocrx_word' id='word_1_155' title='bbox 348 2344 532 2384; x_wconf 88' lang='lat' dir='ltr'><strong>Primum</strong></span> <span class='ocrx_word' id='word_1_156' title='bbox 567 2342 854 2397; x_wconf 84' lang='lat' dir='ltr'>corrigendum</span> <span class='ocrx_word' id='word_1_157' title='bbox 888 2356 967 2382; x_wconf 87' lang='lat' dir='ltr'><strong>esse</strong></span> <span class='ocrx_word' id='word_1_158' title='bbox 1005 2341 1109 2382; x_wconf 88' lang='lat' dir='ltr'>mihi</span> <span class='ocrx_word' id='word_1_159' title='bbox 1143 2342 1302 2383; x_wconf 76' lang='lat' dir='ltr'>videtur</span> <span class='ocrx_word' id='word_1_160' title='bbox 1327 2340 1539 2384; x_wconf 77' lang='grc' dir='ltr'><strong><em>Ἐνταῦθα</em></strong></span> <span class='ocrx_word' id='word_1_161' title='bbox 1567 2340 1623 2399; x_wconf 73' lang='grc' dir='ltr'><em>δὴ</em></span> 
     </span>
     <span class='ocr_line' id='line_1_25' title="bbox 291 2420 1620 2477; baseline 0.002 -15"><span class='ocrx_word' id='word_1_162' title='bbox 291 2423 321 2462; x_wconf 89' lang='lat' dir='ltr'><strong><em>i.</em></strong></span> <span class='ocrx_word' id='word_1_163' title='bbox 349 2436 385 2462; x_wconf 88' lang='lat' dir='ltr'><strong><em>e.</em></strong></span> <span class='ocrx_word' id='word_1_164' title='bbox 419 2425 515 2461; x_wconf 88' lang='lat' dir='ltr'><strong><em>Tum</em></strong></span> <span class='ocrx_word' id='word_1_165' title='bbox 545 2435 642 2469; x_wconf 76' lang='lat' dir='ltr'><strong><em>vero,</em></strong></span> <span class='ocrx_word' id='word_1_166' title='bbox 700 2421 800 2461; x_wconf 89' lang='lat' dir='ltr'>Vide</span> <span class='ocrx_word' id='word_1_167' title='bbox 835 2434 940 2475; x_wconf 86' lang='lat' dir='ltr'><strong>quae</strong></span> <span class='ocrx_word' id='word_1_168' title='bbox 968 2420 1158 2460; x_wconf 82' lang='lat' dir='ltr'><strong>adnotavi</strong></span> <span class='ocrx_word' id='word_1_169' title='bbox 1188 2421 1238 2460; x_wconf 87' lang='lat' dir='ltr'><strong><em>ad</em></strong></span> <span class='ocrx_word' id='word_1_170' title='bbox 1267 2420 1362 2477; x_wconf 88' lang='lat' dir='ltr'><strong>Cap.</strong></span> <span class='ocrx_word' id='word_1_171' title='bbox 1390 2422 1468 2474; x_wconf 91' lang='lat' dir='ltr'><strong><em>IX,</em></strong></span> <span class='ocrx_word' id='word_1_172' title='bbox 1501 2425 1537 2464; x_wconf 92' lang='lat'><strong><em>1.</em></strong></span> <span class='ocrx_word' id='word_1_173' title='bbox 1569 2444 1620 2452; x_wconf 88' lang='lat'>—</span> 
     </span>
     <span class='ocr_line' id='line_1_26' title="bbox 292 2500 1621 2556; baseline 0.002 -16"><span class='ocrx_word' id='word_1_174' title='bbox 292 2500 445 2541; x_wconf 87' lang='lat' dir='ltr'><strong>Deinde</strong></span> <span class='ocrx_word' id='word_1_175' title='bbox 480 2500 631 2556; x_wconf 90' lang='lat' dir='ltr'>quidni</span> <span class='ocrx_word' id='word_1_176' title='bbox 671 2500 849 2541; x_wconf 87' lang='lat' dir='ltr'><strong>Sintenis</strong></span> <span class='ocrx_word' id='word_1_177' title='bbox 883 2500 1052 2555; x_wconf 85' lang='lat' dir='ltr'>recepit,</span> <span class='ocrx_word' id='word_1_178' title='bbox 1090 2500 1201 2555; x_wconf 89' lang='lat' dir='ltr'><strong>quod</strong></span> <span class='ocrx_word' id='word_1_179' title='bbox 1228 2500 1461 2542; x_wconf 82' lang='lat' dir='ltr'>Schaeserus</span> <span class='ocrx_word' id='word_1_180' title='bbox 1487 2504 1621 2543; x_wconf 85' lang='lat' dir='ltr'><strong>rectis·</strong></span> 
     </span>
     <span class='ocr_line' id='line_1_27' title="bbox 291 2574 1621 2634; baseline 0.002 -15"><span class='ocrx_word' id='word_1_181' title='bbox 291 2580 391 2620; x_wconf 85' lang='lat' dir='ltr'>sime</span> <span class='ocrx_word' id='word_1_182' title='bbox 420 2579 828 2634; x_wconf 83' lang='lat' dir='ltr'><strong>monuit.legendum</strong></span> <span class='ocrx_word' id='word_1_183' title='bbox 856 2584 936 2620; x_wconf 84' lang='lat' dir='ltr'>esse</span> <span class='ocrx_word' id='word_1_184' title='bbox 963 2574 1254 2631; x_wconf 72' lang='grc' dir='ltr'><strong><em>λαμβάνωσιν</em></strong></span> <span class='ocrx_word' id='word_1_185' title='bbox 1281 2576 1326 2620; x_wconf 78' lang='grc' dir='ltr'><strong><em>οἱ</em></strong></span> <span class='ocrx_word' id='word_1_186' title='bbox 1353 2581 1521 2633; x_wconf 75' lang='grc' dir='ltr'><strong><em>γυμνοῖς</em></strong></span> <span class='ocrx_word' id='word_1_187' title='bbox 1537 2583 1621 2629; x_wconf 79' lang='grc' dir='ltr'><strong><em>τοῖς</em></strong></span> 
     </span>
     <span class='ocr_line' id='line_1_28' title="bbox 290 2653 837 2712; baseline -0.004 -12"><span class='ocrx_word' id='word_1_188' title='bbox 290 2655 410 2700; x_wconf 85' lang='grc' dir='ltr'><strong><em>ποσὶν</em></strong></span> <span class='ocrx_word' id='word_1_189' title='bbox 437 2653 837 2712; x_wconf 71' lang='grc' dir='ltr'><strong><em>ἀντιλαμβανόμενοι.</em></strong></span> 
     </span>
    </p>
   </div>
   <div class='ocr_carea' id='block_1_10' title="bbox 1768 0 1786 116">
    <p class='ocr_par' dir='ltr' id='par_1_12' title="bbox 1768 0 1786 116">
     <span class='ocr_line' id='line_1_29' title="bbox 1768 0 1786 116; textangle 90"><span class='ocrx_word' id='word_1_190' title='bbox 1768 0 1786 116; x_wconf 39' lang='grc' dir='ltr'><strong><em>ί,μκ-</em></strong></span> 
     </span>
    </p>
   </div>
  </div>
 </body>
</html>
