<?xml version="1.0" encoding="UTF-8"?>
<!DOCTYPE html PUBLIC "-//W3C//DTD XHTML 1.0 Transitional//EN"
    "http://www.w3.org/TR/xhtml1/DTD/xhtml1-transitional.dtd">
<html xmlns="http://www.w3.org/1999/xhtml" xml:lang="en" lang="en">
 <head>
  <title>
</title>
<meta http-equiv="Content-Type" content="text/html;charset=utf-8" />
  <meta name='ocr-system' content='tesseract 3.04.00' />
  <meta name='ocr-capabilities' content='ocr_page ocr_carea ocr_par ocr_line ocrx_word'/>
</head>
<body>
  <div class='ocr_page' id='page_1' title='image "4738015_0043.png"; bbox 0 0 1894 3371; ppageno 0'>
   <div class='ocr_carea' id='block_1_1' title="bbox 0 0 86 90">
    <p class='ocr_par' dir='ltr' id='par_1_1' title="bbox 0 0 86 90">
     <span class='ocr_line' id='line_1_1' title="bbox 0 0 86 90; baseline 0 3281"><span class='ocrx_word' id='word_1_1' title='bbox 0 0 86 90; x_wconf 95' lang='lat' dir='ltr'><strong> </strong></span> 
     </span>
    </p>
   </div>
   <div class='ocr_carea' id='block_1_2' title="bbox 749 314 975 357">
    <p class='ocr_par' dir='ltr' id='par_1_2' title="bbox 749 314 975 357">
     <span class='ocr_line' id='line_1_2' title="bbox 749 314 975 357; baseline 0 -12"><span class='ocrx_word' id='word_1_2' title='bbox 749 314 975 357; x_wconf 59' lang='lat' dir='ltr'><strong>„qq-</strong></span> 
     </span>
    </p>
   </div>
   <div class='ocr_carea' id='block_1_3' title="bbox 195 434 1518 2769">
    <p class='ocr_par' dir='ltr' id='par_1_3' title="bbox 197 434 1517 1356">
     <span class='ocr_line' id='line_1_3' title="bbox 199 434 1515 495; baseline -0.004 -15"><span class='ocrx_word' id='word_1_3' title='bbox 199 440 303 482; x_wconf 80' lang='lat' dir='ltr'><strong>re&#39;cte</strong></span> <span class='ocrx_word' id='word_1_4' title='bbox 332 441 455 481; x_wconf 76' lang='lat' dir='ltr'><strong>altera</strong></span> <span class='ocrx_word' id='word_1_5' title='bbox 476 437 525 480; x_wconf 74' lang='grc' dir='ltr'><strong>δὲ</strong></span> <span class='ocrx_word' id='word_1_6' title='bbox 553 447 645 480; x_wconf 85' lang='lat' dir='ltr'><strong>ante</strong></span> <span class='ocrx_word' id='word_1_7' title='bbox 672 434 907 493; x_wconf 79' lang='grc' dir='ltr'><strong><em>Ἀντιγόνου</em></strong></span> <span class='ocrx_word' id='word_1_8' title='bbox 931 436 1144 494; x_wconf 79' lang='lat' dir='ltr'><strong>respondet</strong></span> <span class='ocrx_word' id='word_1_9' title='bbox 1165 437 1225 495; x_wconf 77' lang='grc' dir='ltr'><strong><em>τῷ</em></strong></span> <span class='ocrx_word' id='word_1_10' title='bbox 1254 434 1342 490; x_wconf 76' lang='grc' dir='ltr'><strong><em>μὲν.</em></strong></span> <span class='ocrx_word' id='word_1_11' title='bbox 1391 437 1515 477; x_wconf 87' lang='lat' dir='ltr'><strong>Istam</strong></span> 
     </span>
     <span class='ocr_line' id='line_1_4' title="bbox 199 515 1516 575; baseline -0.003 -16"><span class='ocrx_word' id='word_1_12' title='bbox 199 520 326 575; x_wconf 79' lang='lat' dir='ltr'><strong>igitur</strong></span> <span class='ocrx_word' id='word_1_13' title='bbox 358 518 599 574; x_wconf 81' lang='lat' dir='ltr'><strong>particulam</strong></span> <span class='ocrx_word' id='word_1_14' title='bbox 632 515 679 560; x_wconf 77' lang='grc' dir='ltr'><strong>δὲ</strong></span> <span class='ocrx_word' id='word_1_15' title='bbox 712 518 897 575; x_wconf 86' lang='lat' dir='ltr'><strong>equidem</strong></span> <span class='ocrx_word' id='word_1_16' title='bbox 924 531 1126 574; x_wconf 82' lang='lat' dir='ltr'><strong>expungo.</strong></span> <span class='ocrx_word' id='word_1_17' title='bbox 1177 517 1354 557; x_wconf 76' lang='lat' dir='ltr'><strong>Sintenis</strong></span> <span class='ocrx_word' id='word_1_18' title='bbox 1380 522 1516 555; x_wconf 85' lang='lat' dir='ltr'><strong>autem</strong></span> 
     </span>
     <span class='ocr_line' id='line_1_5' title="bbox 199 594 1517 654; baseline -0.003 -16"><span class='ocrx_word' id='word_1_19' title='bbox 199 611 274 654; x_wconf 89' lang='lat' dir='ltr'><strong>pro</strong></span> <span class='ocrx_word' id='word_1_20' title='bbox 298 605 400 654; x_wconf 84' lang='lat' dir='ltr'><strong>part.</strong></span> <span class='ocrx_word' id='word_1_21' title='bbox 423 594 472 638; x_wconf 80' lang='grc' dir='ltr'><strong>δὲ</strong></span> <span class='ocrx_word' id='word_1_22' title='bbox 487 599 536 639; x_wconf 91' lang='lat' dir='ltr'><strong>de</strong></span> <span class='ocrx_word' id='word_1_23' title='bbox 554 613 626 638; x_wconf 90' lang='lat' dir='ltr'><strong>suo</strong></span> <span class='ocrx_word' id='word_1_24' title='bbox 643 598 755 639; x_wconf 82' lang='lat' dir='ltr'><strong>dedit</strong></span> <span class='ocrx_word' id='word_1_25' title='bbox 771 594 859 647; x_wconf 75' lang='grc' dir='ltr'><strong><em>καὶ,</em></strong></span> <span class='ocrx_word' id='word_1_26' title='bbox 881 597 993 652; x_wconf 82' lang='lat' dir='ltr'><strong>quod</strong></span> <span class='ocrx_word' id='word_1_27' title='bbox 1012 595 1218 650; x_wconf 84' lang='lat' dir='ltr'><strong>improbo,</strong></span> <span class='ocrx_word' id='word_1_28' title='bbox 1246 596 1344 650; x_wconf 88' lang='lat' dir='ltr'><strong>quia</strong></span> <span class='ocrx_word' id='word_1_29' title='bbox 1360 594 1517 650; x_wconf 62' lang='lat' dir='ltr'><strong>duplex</strong></span> 
     </span>
     <span class='ocr_line' id='line_1_6' title="bbox 198 673 1514 731; baseline -0.003 -13"><span class='ocrx_word' id='word_1_30' title='bbox 198 673 267 717; x_wconf 74' lang='grc' dir='ltr'><strong><em>καὶ</em></strong></span> <span class='ocrx_word' id='word_1_31' title='bbox 301 677 353 717; x_wconf 88' lang='lat' dir='ltr'><strong>ad</strong></span> <span class='ocrx_word' id='word_1_32' title='bbox 389 677 604 718; x_wconf 87' lang='lat' dir='ltr'><strong>discrimen</strong></span> <span class='ocrx_word' id='word_1_33' title='bbox 639 684 789 731; x_wconf 86' lang='lat' dir='ltr'><strong>spectat</strong></span> <span class='ocrx_word' id='word_1_34' title='bbox 823 674 930 716; x_wconf 83' lang='lat' dir='ltr'><strong>inter</strong></span> <span class='ocrx_word' id='word_1_35' title='bbox 957 688 1064 730; x_wconf 84' lang='lat' dir='ltr'><strong>reges</strong></span> <span class='ocrx_word' id='word_1_36' title='bbox 1090 677 1131 716; x_wconf 82' lang='lat' dir='ltr'><strong>et</strong></span> <span class='ocrx_word' id='word_1_37' title='bbox 1157 676 1370 731; x_wconf 81' lang='lat' dir='ltr'><strong>dynastas;</strong></span> <span class='ocrx_word' id='word_1_38' title='bbox 1400 673 1514 730; x_wconf 90' lang='lat' dir='ltr'><strong>quod</strong></span> 
     </span>
     <span class='ocr_line' id='line_1_7' title="bbox 199 746 1516 810; baseline -0.002 -15"><span class='ocrx_word' id='word_1_39' title='bbox 199 755 291 810; x_wconf 85' lang='lat' dir='ltr'><strong>quis</strong></span> <span class='ocrx_word' id='word_1_40' title='bbox 320 762 377 795; x_wconf 93' lang='lat' dir='ltr'><strong>est</strong></span> <span class='ocrx_word' id='word_1_41' title='bbox 403 756 509 810; x_wconf 90' lang='lat' dir='ltr'><strong>quin</strong></span> <span class='ocrx_word' id='word_1_42' title='bbox 536 755 683 795; x_wconf 87' lang='lat' dir='ltr'><strong>sentiat</strong></span> <span class='ocrx_word' id='word_1_43' title='bbox 707 746 906 793; x_wconf 82' lang='lat' dir='ltr'><strong>hocloco</strong></span> <span class='ocrx_word' id='word_1_44' title='bbox 930 754 1113 808; x_wconf 85' lang='lat' dir='ltr'><strong>ineptum</strong></span> <span class='ocrx_word' id='word_1_45' title='bbox 1143 754 1251 793; x_wconf 76' lang='lat' dir='ltr'><strong>esse?</strong></span> <span class='ocrx_word' id='word_1_46' title='bbox 1282 777 1334 784; x_wconf 91' lang='grc'>-</span> <span class='ocrx_word' id='word_1_47' title='bbox 1362 753 1516 792; x_wconf 84' lang='lat' dir='ltr'><strong>Deinde</strong></span> 
     </span>
     <span class='ocr_line' id='line_1_8' title="bbox 199 824 1515 885; baseline -0.003 -12"><span class='ocrx_word' id='word_1_48' title='bbox 199 832 414 873; x_wconf 80' lang='lat' dir='ltr'><strong>offendunt</strong></span> <span class='ocrx_word' id='word_1_49' title='bbox 451 833 570 873; x_wconf 84' lang='lat' dir='ltr'><strong>verba</strong></span> <span class='ocrx_word' id='word_1_50' title='bbox 603 832 689 874; x_wconf 78' lang='grc' dir='ltr'><strong>τῶν</strong></span> <span class='ocrx_word' id='word_1_51' title='bbox 719 824 1034 884; x_wconf 73' lang='grc' dir='ltr'><strong>ἐμμανεστάτων</strong></span> <span class='ocrx_word' id='word_1_52' title='bbox 1065 824 1238 885; x_wconf 73' lang='grc' dir='ltr'><strong><em>ἐρώτων.</em></strong></span> <span class='ocrx_word' id='word_1_53' title='bbox 1296 831 1403 870; x_wconf 65' lang='lat' dir='ltr'><strong>Namv</strong></span> <span class='ocrx_word' id='word_1_54' title='bbox 1430 845 1515 885; x_wconf 88' lang='lat' dir='ltr'><strong>quo</strong></span> 
     </span>
     <span class='ocr_line' id='line_1_9' title="bbox 197 903 1516 966; baseline -0.002 -16"><span class='ocrx_word' id='word_1_55' title='bbox 197 911 368 966; x_wconf 84' lang='lat' dir='ltr'><strong>pluralis</strong></span> <span class='ocrx_word' id='word_1_56' title='bbox 393 906 583 966; x_wconf 67' lang='grc' dir='ltr'><strong><em>ἔρώτωνῖ</em></strong></span> <span class='ocrx_word' id='word_1_57' title='bbox 635 912 768 966; x_wconf 83' lang='lat' dir='ltr'><strong>Atque</strong></span> <span class='ocrx_word' id='word_1_58' title='bbox 795 908 895 949; x_wconf 86' lang='lat' dir='ltr'><strong>alibi</strong></span> <span class='ocrx_word' id='word_1_59' title='bbox 928 909 980 948; x_wconf 89' lang='lat' dir='ltr'><strong>ad</strong></span> <span class='ocrx_word' id='word_1_60' title='bbox 1008 910 1141 963; x_wconf 89' lang='lat' dir='ltr'><strong>ipsum</strong></span> <span class='ocrx_word' id='word_1_61' title='bbox 1168 903 1298 962; x_wconf 79' lang='grc' dir='ltr'><strong><em>ἔρωτα</em></strong></span> <span class='ocrx_word' id='word_1_62' title='bbox 1326 908 1516 962; x_wconf 84' lang='lat' dir='ltr'><strong>adjungit</strong></span> 
     </span>
     <span class='ocr_line' id='line_1_10' title="bbox 199 987 1512 1044; baseline -0.003 -14"><span class='ocrx_word' id='word_1_63' title='bbox 199 989 437 1030; x_wconf 82' lang='lat' dir='ltr'><strong>Plutarchus</strong></span> <span class='ocrx_word' id='word_1_64' title='bbox 456 990 697 1044; x_wconf 82' lang='lat' dir='ltr'><strong>adjectivum</strong></span> <span class='ocrx_word' id='word_1_65' title='bbox 714 987 908 1043; x_wconf 70' lang='grc' dir='ltr'><strong><em>διάπυρος</em></strong></span> <span class='ocrx_word' id='word_1_66' title='bbox 914 1001 929 1037; x_wconf 91' lang='grc'><strong>,·</strong></span> <span class='ocrx_word' id='word_1_67' title='bbox 957 987 1184 1027; x_wconf 83' lang='lat' dir='ltr'><strong>conferatur</strong></span> <span class='ocrx_word' id='word_1_68' title='bbox 1198 987 1307 1027; x_wconf 85' lang='lat' dir='ltr'><strong>Arat.</strong></span> <span class='ocrx_word' id='word_1_69' title='bbox 1320 987 1417 1043; x_wconf 85' lang='lat' dir='ltr'><strong>Cap.</strong></span> <span class='ocrx_word' id='word_1_70' title='bbox 1430 988 1512 1027; x_wconf 86' lang='lat' dir='ltr'><strong>XV.</strong></span> 
     </span>
     <span class='ocr_line' id='line_1_11' title="bbox 198 1062 1514 1124; baseline -0.002 -15"><span class='ocrx_word' id='word_1_71' title='bbox 198 1069 274 1110; x_wconf 88' lang='lat' dir='ltr'><strong>fin.</strong></span> <span class='ocrx_word' id='word_1_72' title='bbox 325 1062 535 1124; x_wconf 75' lang='grc' dir='ltr'><strong><em>διαπιῖροις</em></strong></span> <span class='ocrx_word' id='word_1_73' title='bbox 559 1064 691 1124; x_wconf 76' lang='grc' dir='ltr'><strong><em>ἔρωσι.</em></strong></span> <span class='ocrx_word' id='word_1_74' title='bbox 720 1062 856 1109; x_wconf 71' lang='lat' dir='ltr'><strong>Hor-al.</strong></span> <span class='ocrx_word' id='word_1_75' title='bbox 886 1069 979 1122; x_wconf 83' lang='lat' dir='ltr'><strong>Pag.</strong></span> <span class='ocrx_word' id='word_1_76' title='bbox 1003 1067 1085 1108; x_wconf 89' lang='grc'><strong>406</strong></span> <span class='ocrx_word' id='word_1_77' title='bbox 1097 1097 1107 1114; x_wconf 92' lang='grc'><em>,</em></span> <span class='ocrx_word' id='word_1_78' title='bbox 1130 1067 1177 1106; x_wconf 89' lang='grc' dir='ltr'><strong>Α.</strong></span> <span class='ocrx_word' id='word_1_79' title='bbox 1205 1062 1394 1121; x_wconf 73' lang='grc' dir='ltr'><strong>διάπυροι</strong></span> <span class='ocrx_word' id='word_1_80' title='bbox 1417 1062 1514 1121; x_wconf 54' lang='grc' dir='ltr'><strong>ἔρωᾱ</strong></span> 
     </span>
     <span class='ocr_line' id='line_1_12' title="bbox 197 1134 1512 1202; baseline -0.002 -14"><span class='ocrx_word' id='word_1_81' title='bbox 197 1160 271 1195; x_wconf 84' lang='grc' dir='ltr'><strong><em>τες.</em></strong></span> <span class='ocrx_word' id='word_1_82' title='bbox 307 1147 596 1202; x_wconf 87' lang='lat' dir='ltr'><strong>Corrigendum</strong></span> <span class='ocrx_word' id='word_1_83' title='bbox 616 1147 772 1187; x_wconf 82' lang='lat' dir='ltr'><strong>videtur</strong></span> <span class='ocrx_word' id='word_1_84' title='bbox 786 1134 875 1188; x_wconf 70' lang='grc' dir='ltr'><strong>τῶν</strong></span> <span class='ocrx_word' id='word_1_85' title='bbox 887 1142 1173 1197; x_wconf 72' lang='grc' dir='ltr'><strong><em>ἐμμανέστατα</em></strong></span> <span class='ocrx_word' id='word_1_86' title='bbox 1188 1139 1385 1199; x_wconf 72' lang='grc' dir='ltr'><strong><em>ἐρώντων,</em></strong></span> <span class='ocrx_word' id='word_1_87' title='bbox 1403 1146 1512 1200; x_wconf 86' lang='lat' dir='ltr'><strong>quod</strong></span> 
     </span>
     <span class='ocr_line' id='line_1_13' title="bbox 198 1221 1515 1280; baseline -0.002 -15"><span class='ocrx_word' id='word_1_88' title='bbox 198 1239 334 1265; x_wconf 87' lang='lat' dir='ltr'><strong>sensus</strong></span> <span class='ocrx_word' id='word_1_89' title='bbox 360 1224 551 1280; x_wconf 89' lang='lat' dir='ltr'><strong>postulat.</strong></span> <span class='ocrx_word' id='word_1_90' title='bbox 602 1223 811 1263; x_wconf 85' lang='lat' dir='ltr'><strong>Plutarchi</strong></span> <span class='ocrx_word' id='word_1_91' title='bbox 841 1224 951 1262; x_wconf 89' lang='lat' dir='ltr'><strong>enim</strong></span> <span class='ocrx_word' id='word_1_92' title='bbox 987 1223 1126 1262; x_wconf 90' lang='lat' dir='ltr'><strong>animo</strong></span> <span class='ocrx_word' id='word_1_93' title='bbox 1160 1221 1386 1263; x_wconf 81' lang='lat' dir='ltr'><strong>obversatus</strong></span> <span class='ocrx_word' id='word_1_94' title='bbox 1408 1224 1515 1264; x_wconf 82' lang='lat' dir='ltr'><strong>vide·</strong></span> 
     </span>
     <span class='ocr_line' id='line_1_14' title="bbox 197 1301 1485 1356; baseline 0 -13"><span class='ocrx_word' id='word_1_95' title='bbox 197 1311 265 1343; x_wconf 85' lang='lat' dir='ltr'><strong>tur</strong></span> <span class='ocrx_word' id='word_1_96' title='bbox 281 1317 362 1343; x_wconf 88' lang='lat' dir='ltr'><strong>esse</strong></span> <span class='ocrx_word' id='word_1_97' title='bbox 379 1303 493 1342; x_wconf 85' lang='lat' dir='ltr'><strong>locus</strong></span> <span class='ocrx_word' id='word_1_98' title='bbox 510 1305 728 1349; x_wconf 80' lang='lat' dir='ltr'><strong>Menandri,</strong></span> <span class='ocrx_word' id='word_1_99' title='bbox 747 1302 819 1356; x_wconf 86' lang='lat' dir='ltr'><strong>qui</strong></span> <span class='ocrx_word' id='word_1_100' title='bbox 838 1303 896 1341; x_wconf 91' lang='lat' dir='ltr'><strong>sic</strong></span> <span class='ocrx_word' id='word_1_101' title='bbox 912 1301 1060 1355; x_wconf 83' lang='lat' dir='ltr'><strong>legitur</strong></span> <span class='ocrx_word' id='word_1_102' title='bbox 1077 1302 1312 1356; x_wconf 79' lang='lat' dir='ltr'><strong>Moral.Pag.</strong></span> <span class='ocrx_word' id='word_1_103' title='bbox 1326 1302 1421 1350; x_wconf 86' lang='lat'>525,</span> <span class='ocrx_word' id='word_1_104' title='bbox 1438 1302 1485 1343; x_wconf 82' lang='lat' dir='ltr'><strong>A.</strong></span> 
     </span>
    </p>

    <p class='ocr_par' dir='ltr' id='par_1_4' title="bbox 306 1374 1424 1436">
     <span class='ocr_line' id='line_1_15' title="bbox 306 1374 1424 1436; baseline 0 -14"><span class='ocrx_word' id='word_1_105' title='bbox 306 1376 426 1436; x_wconf 78' lang='grc' dir='ltr'><strong><em>Παρ’</em></strong></span> <span class='ocrx_word' id='word_1_106' title='bbox 449 1378 559 1433; x_wconf 70' lang='grc' dir='ltr'><strong><em>ἐμοὶ</em></strong></span> <span class='ocrx_word' id='word_1_107' title='bbox 584 1374 671 1435; x_wconf 73' lang='grc' dir='ltr'><strong>γάρ</strong></span> <span class='ocrx_word' id='word_1_108' title='bbox 698 1378 830 1423; x_wconf 77' lang='grc' dir='ltr'><strong><em>ἔστιν</em></strong></span> <span class='ocrx_word' id='word_1_109' title='bbox 854 1376 1018 1430; x_wconf 79' lang='grc' dir='ltr'><strong><em>ἔνδον,</em></strong></span> <span class='ocrx_word' id='word_1_110' title='bbox 1046 1377 1237 1430; x_wconf 82' lang='grc' dir='ltr'><strong><em>ἔξεστιν</em></strong></span> <span class='ocrx_word' id='word_1_111' title='bbox 1261 1377 1319 1422; x_wconf 77' lang='grc' dir='ltr'><strong>δέ</strong></span> <span class='ocrx_word' id='word_1_112' title='bbox 1340 1394 1424 1433; x_wconf 87' lang='grc' dir='ltr'><strong>μοι</strong></span> 
     </span>
    </p>

    <p class='ocr_par' dir='ltr' id='par_1_5' title="bbox 198 1456 1131 1594">
     <span class='ocr_line' id='line_1_16' title="bbox 305 1456 1131 1511; baseline 0 -12"><span class='ocrx_word' id='word_1_113' title='bbox 305 1458 405 1501; x_wconf 79' lang='grc' dir='ltr'><strong><em>Καὶ</em></strong></span> <span class='ocrx_word' id='word_1_114' title='bbox 429 1457 672 1511; x_wconf 72' lang='grc' dir='ltr'><strong><em>βούλομαι</em></strong></span> <span class='ocrx_word' id='word_1_115' title='bbox 697 1456 826 1502; x_wconf 78' lang='grc' dir='ltr'><strong><em>τοῦτ’</em></strong></span> <span class='ocrx_word' id='word_1_116' title='bbox 845 1489 1131 1500; x_wconf 91' lang='grc'><strong>...........</strong></span> 
     </span>
     <span class='ocr_line' id='line_1_17' title="bbox 198 1530 875 1594; baseline -0.003 -14"><span class='ocrx_word' id='word_1_117' title='bbox 198 1535 255 1587; x_wconf 76' lang='grc' dir='ltr'><strong>ὥς</strong></span> <span class='ocrx_word' id='word_1_118' title='bbox 277 1530 331 1579; x_wconf 66' lang='grc' dir='ltr'><strong>ἂν</strong></span> <span class='ocrx_word' id='word_1_119' title='bbox 352 1532 636 1591; x_wconf 74' lang='grc' dir='ltr'><strong><em>ἐμμανέστατα</em></strong></span> <span class='ocrx_word' id='word_1_120' title='bbox 666 1537 771 1594; x_wconf 71' lang='grc' dir='ltr'><strong><em>ἐρῶν</em></strong></span> <span class='ocrx_word' id='word_1_121' title='bbox 796 1551 875 1589; x_wconf 86' lang='grc' dir='ltr'><strong><em>τις,</em></strong></span> 
     </span>
    </p>

    <p class='ocr_par' dir='ltr' id='par_1_6' title="bbox 197 1612 1515 1907">
     <span class='ocr_line' id='line_1_18' title="bbox 318 1612 1289 1658; baseline 0.001 -2"><span class='ocrx_word' id='word_1_122' title='bbox 318 1646 659 1656; x_wconf 88' lang='grc'><strong>.............</strong></span> <span class='ocrx_word' id='word_1_123' title='bbox 695 1612 752 1657; x_wconf 74' lang='grc' dir='ltr'><strong>οὖ</strong></span> <span class='ocrx_word' id='word_1_124' title='bbox 777 1616 907 1658; x_wconf 76' lang='grc' dir='ltr'><strong><em>ποιῶ</em></strong></span> <span class='ocrx_word' id='word_1_125' title='bbox 932 1613 1289 1657; x_wconf 80' lang='grc' dir='ltr'><strong><em>δὲ...........</em></strong></span> 
     </span>
     <span class='ocr_line' id='line_1_19' title="bbox 199 1687 1513 1752; baseline 0.003 -19"><span class='ocrx_word' id='word_1_126' title='bbox 199 1701 246 1734; x_wconf 90' lang='lat' dir='ltr'><strong>ut</strong></span> <span class='ocrx_word' id='word_1_127' title='bbox 272 1694 303 1733; x_wconf 89' lang='lat' dir='ltr'><strong>si</strong></span> <span class='ocrx_word' id='word_1_128' title='bbox 333 1692 569 1734; x_wconf 86' lang='lat' dir='ltr'><strong>Plutarchus</strong></span> <span class='ocrx_word' id='word_1_129' title='bbox 598 1690 654 1742; x_wconf 76' lang='grc' dir='ltr'><strong>αἱς</strong></span> <span class='ocrx_word' id='word_1_130' title='bbox 679 1687 732 1734; x_wconf 73' lang='grc' dir='ltr'><strong>ἂν</strong></span> <span class='ocrx_word' id='word_1_131' title='bbox 757 1693 1043 1746; x_wconf 76' lang='grc' dir='ltr'><strong><em>ἐμμανέστατα</em></strong></span> <span class='ocrx_word' id='word_1_132' title='bbox 1065 1693 1170 1750; x_wconf 74' lang='grc' dir='ltr'><strong><em>ἐρῶν</em></strong></span> <span class='ocrx_word' id='word_1_133' title='bbox 1186 1709 1245 1744; x_wconf 89' lang='grc' dir='ltr'><strong><em>τις</em></strong></span> <span class='ocrx_word' id='word_1_134' title='bbox 1260 1697 1513 1752; x_wconf 85' lang='lat' dir='ltr'><strong>interjecerit.</strong></span> 
     </span>
     <span class='ocr_line' id='line_1_20' title="bbox 199 1773 1515 1829; baseline 0.002 -17"><span class='ocrx_word' id='word_1_135' title='bbox 199 1773 418 1812; x_wconf 82' lang='lat' dir='ltr'><strong>Menandro</strong></span> <span class='ocrx_word' id='word_1_136' title='bbox 444 1781 578 1813; x_wconf 87' lang='lat' dir='ltr'><strong>autem</strong></span> <span class='ocrx_word' id='word_1_137' title='bbox 606 1780 766 1826; x_wconf 86' lang='lat' dir='ltr'><strong>gratum</strong></span> <span class='ocrx_word' id='word_1_138' title='bbox 795 1774 1025 1821; x_wconf 82' lang='lat' dir='ltr'><strong>fecerimus,</strong></span> <span class='ocrx_word' id='word_1_139' title='bbox 1055 1776 1112 1821; x_wconf 90' lang='lat' dir='ltr'><strong>si,</strong></span> <span class='ocrx_word' id='word_1_140' title='bbox 1154 1774 1265 1829; x_wconf 89' lang='lat' dir='ltr'><strong>quod</strong></span> <span class='ocrx_word' id='word_1_141' title='bbox 1289 1776 1325 1815; x_wconf 91' lang='lat' dir='ltr'><strong>ei</strong></span> <span class='ocrx_word' id='word_1_142' title='bbox 1349 1775 1515 1815; x_wconf 87' lang='lat' dir='ltr'><strong>debetur</strong></span> 
     </span>
     <span class='ocr_line' id='line_1_21' title="bbox 197 1851 1510 1907; baseline 0 -16"><span class='ocrx_word' id='word_1_143' title='bbox 197 1851 501 1893; x_wconf 84' lang='lat' dir='ltr'><strong>reddiderimus.</strong></span> <span class='ocrx_word' id='word_1_144' title='bbox 542 1853 682 1892; x_wconf 90' lang='lat' dir='ltr'><strong>Versus</strong></span> <span class='ocrx_word' id='word_1_145' title='bbox 704 1853 831 1907; x_wconf 83' lang='lat' dir='ltr'><strong>igitur</strong></span> <span class='ocrx_word' id='word_1_146' title='bbox 851 1853 909 1892; x_wconf 87' lang='lat' dir='ltr'><strong>ita</strong></span> <span class='ocrx_word' id='word_1_147' title='bbox 934 1853 979 1892; x_wconf 88' lang='lat' dir='ltr'><strong>in</strong></span> <span class='ocrx_word' id='word_1_148' title='bbox 999 1853 1204 1906; x_wconf 85' lang='lat' dir='ltr'><strong>integrum</strong></span> <span class='ocrx_word' id='word_1_149' title='bbox 1226 1853 1510 1893; x_wconf 83' lang='lat' dir='ltr'><strong>restituantur:</strong></span> 
     </span>
    </p>

    <p class='ocr_par' dir='ltr' id='par_1_7' title="bbox 294 1925 1422 1984">
     <span class='ocr_line' id='line_1_22' title="bbox 294 1925 1422 1984; baseline 0 -14"><span class='ocrx_word' id='word_1_150' title='bbox 294 1926 423 1983; x_wconf 79' lang='grc' dir='ltr'><strong><em>·Παρ’</em></strong></span> <span class='ocrx_word' id='word_1_151' title='bbox 446 1926 555 1981; x_wconf 73' lang='grc' dir='ltr'><strong><em>ἐμοὶ</em></strong></span> <span class='ocrx_word' id='word_1_152' title='bbox 580 1930 666 1984; x_wconf 78' lang='grc' dir='ltr'><strong>γάρ</strong></span> <span class='ocrx_word' id='word_1_153' title='bbox 692 1927 824 1983; x_wconf 45' lang='lat' dir='ltr'><strong>fluv</strong></span> <span class='ocrx_word' id='word_1_154' title='bbox 850 1925 1009 1979; x_wconf 80' lang='grc' dir='ltr'><strong><em>ἔνδον,</em></strong></span> <span class='ocrx_word' id='word_1_155' title='bbox 1037 1925 1222 1978; x_wconf 81' lang='grc' dir='ltr'><strong><em>ἔξεστιν</em></strong></span> <span class='ocrx_word' id='word_1_156' title='bbox 1248 1926 1305 1970; x_wconf 77' lang='grc' dir='ltr'><strong>δέ</strong></span> <span class='ocrx_word' id='word_1_157' title='bbox 1328 1944 1422 1982; x_wconf 83' lang='grc' dir='ltr'><strong><em>μοι·</em></strong></span> 
     </span>
    </p>

    <p class='ocr_par' dir='ltr' id='par_1_8' title="bbox 299 2006 1370 2060">
     <span class='ocr_line' id='line_1_23' title="bbox 299 2006 1370 2060; baseline 0.003 -13"><span class='ocrx_word' id='word_1_158' title='bbox 299 2006 403 2047; x_wconf 84' lang='grc' dir='ltr'><strong><em>,Καὶ</em></strong></span> <span class='ocrx_word' id='word_1_159' title='bbox 426 2008 669 2059; x_wconf 76' lang='grc' dir='ltr'><strong><em>βούλομαι</em></strong></span> <span class='ocrx_word' id='word_1_160' title='bbox 693 2006 833 2049; x_wconf 72' lang='grc' dir='ltr'><strong><em>τοῦθ’</em></strong></span> <span class='ocrx_word' id='word_1_161' title='bbox 858 2006 921 2055; x_wconf 76' lang='grc' dir='ltr'><strong>ὥς</strong></span> <span class='ocrx_word' id='word_1_162' title='bbox 946 2012 1001 2049; x_wconf 78' lang='grc' dir='ltr'><strong>ἂν</strong></span> <span class='ocrx_word' id='word_1_163' title='bbox 1028 2006 1370 2060; x_wconf 75' lang='grc' dir='ltr'><strong><em>ἐμμανέστατα</em></strong></span> 
     </span>
    </p>

    <p class='ocr_par' dir='ltr' id='par_1_9' title="bbox 195 2083 1518 2531">
     <span class='ocr_line' id='line_1_24' title="bbox 306 2083 1225 2143; baseline 0.001 -15"><span class='ocrx_word' id='word_1_164' title='bbox 306 2083 460 2143; x_wconf 82' lang='grc' dir='ltr'><strong><em>Ἐρῶν</em></strong></span> <span class='ocrx_word' id='word_1_165' title='bbox 483 2102 575 2138; x_wconf 84' lang='grc' dir='ltr'><strong><em>τις,</em></strong></span> <span class='ocrx_word' id='word_1_166' title='bbox 602 2084 659 2129; x_wconf 74' lang='grc' dir='ltr'><strong>οὐ</strong></span> <span class='ocrx_word' id='word_1_167' title='bbox 688 2087 820 2130; x_wconf 76' lang='grc' dir='ltr'><strong><em>ποιῶ</em></strong></span> <span class='ocrx_word' id='word_1_168' title='bbox 845 2084 900 2128; x_wconf 84' lang='grc' dir='ltr'><strong>δὲ</strong></span> <span class='ocrx_word' id='word_1_169' title='bbox 910 2119 1225 2129; x_wconf 91' lang='grc'><strong>............</strong></span> 
     </span>
     <span class='ocr_line' id='line_1_25' title="bbox 198 2165 1512 2207; baseline 0.002 -3"><span class='ocrx_word' id='word_1_170' title='bbox 198 2165 300 2205; x_wconf 84' lang='lat' dir='ltr'><strong>Inde</strong></span> <span class='ocrx_word' id='word_1_171' title='bbox 338 2166 458 2205; x_wconf 87' lang='lat' dir='ltr'><strong>etiam</strong></span> <span class='ocrx_word' id='word_1_172' title='bbox 493 2166 750 2205; x_wconf 86' lang='lat' dir='ltr'><strong>emendemus</strong></span> <span class='ocrx_word' id='word_1_173' title='bbox 795 2167 923 2205; x_wconf 92' lang='lat' dir='ltr'><strong>alium</strong></span> <span class='ocrx_word' id='word_1_174' title='bbox 961 2166 1166 2206; x_wconf 81' lang='lat' dir='ltr'><strong>Plutarchi</strong></span> <span class='ocrx_word' id='word_1_175' title='bbox 1204 2167 1342 2206; x_wconf 90' lang='lat' dir='ltr'><strong>locum</strong></span> <span class='ocrx_word' id='word_1_176' title='bbox 1377 2168 1512 2207; x_wconf 71' lang='lat' dir='ltr'><strong>Hor-al.</strong></span> 
     </span>
     <span class='ocr_line' id='line_1_26' title="bbox 199 2238 1515 2299; baseline 0.002 -16"><span class='ocrx_word' id='word_1_177' title='bbox 199 2244 292 2297; x_wconf 82' lang='lat' dir='ltr'><strong>Pag.</strong></span> <span class='ocrx_word' id='word_1_178' title='bbox 306 2242 400 2289; x_wconf 87' lang='lat'><strong>745,</strong></span> <span class='ocrx_word' id='word_1_179' title='bbox 422 2243 463 2284; x_wconf 87' lang='lat' dir='ltr'><strong>F.</strong></span> <span class='ocrx_word' id='word_1_180' title='bbox 504 2239 534 2297; x_wconf 80' lang='grc' dir='ltr'><em>ἡ</em></span> <span class='ocrx_word' id='word_1_181' title='bbox 561 2239 608 2283; x_wconf 78' lang='grc' dir='ltr'><strong>δὲ</strong></span> <span class='ocrx_word' id='word_1_182' title='bbox 630 2239 683 2283; x_wconf 86' lang='grc' dir='ltr'><strong>δι’</strong></span> <span class='ocrx_word' id='word_1_183' title='bbox 705 2238 876 2297; x_wconf 68' lang='grc' dir='ltr'><strong><em>εὐφυΐαν</em></strong></span> <span class='ocrx_word' id='word_1_184' title='bbox 898 2238 1138 2285; x_wconf 73' lang='grc' dir='ltr'><strong><em>αἰσθάνεται</em></strong></span> <span class='ocrx_word' id='word_1_185' title='bbox 1165 2242 1233 2285; x_wconf 80' lang='grc' dir='ltr'><strong><em>καὶ</em></strong></span> <span class='ocrx_word' id='word_1_186' title='bbox 1255 2238 1515 2299; x_wconf 74' lang='grc' dir='ltr'><strong><em>μνημονεύει,</em></strong></span> 
     </span>
     <span class='ocr_line' id='line_1_27' title="bbox 195 2315 1518 2375; baseline 0.002 -14"><span class='ocrx_word' id='word_1_187' title='bbox 195 2319 266 2361; x_wconf 72' lang='grc' dir='ltr'><strong><em>καὶ</em></strong></span> <span class='ocrx_word' id='word_1_188' title='bbox 295 2320 381 2361; x_wconf 81' lang='grc' dir='ltr'><strong>τῶν</strong></span> <span class='ocrx_word' id='word_1_189' title='bbox 412 2317 728 2373; x_wconf 77' lang='grc' dir='ltr'><strong><em>ἐμμανεστάτων</em></strong></span> <span class='ocrx_word' id='word_1_190' title='bbox 760 2315 924 2375; x_wconf 69' lang='grc' dir='ltr'><strong><em>ἐρώτων</em></strong></span> <span class='ocrx_word' id='word_1_191' title='bbox 956 2317 1078 2362; x_wconf 68' lang='grc' dir='ltr'><strong><em>οὐδὲν</em></strong></span> <span class='ocrx_word' id='word_1_192' title='bbox 1118 2318 1267 2362; x_wconf 81' lang='grc' dir='ltr'><strong><em>α’ποδεῒ</em></strong></span> <span class='ocrx_word' id='word_1_193' title='bbox 1295 2318 1344 2363; x_wconf 81' lang='grc' dir='ltr'><strong><em>τδ</em></strong></span> <span class='ocrx_word' id='word_1_194' title='bbox 1377 2318 1518 2371; x_wconf 71' lang='grc' dir='ltr'><strong><em>πάθος</em></strong></span> 
     </span>
     <span class='ocr_line' id='line_1_28' title="bbox 198 2394 1517 2456; baseline 0.004 -18"><span class='ocrx_word' id='word_1_195' title='bbox 198 2394 345 2452; x_wconf 69' lang='grc' dir='ltr'><strong><em>αὐτῆς,</em></strong></span> <span class='ocrx_word' id='word_1_196' title='bbox 381 2394 623 2453; x_wconf 70' lang='grc' dir='ltr'><strong><em>γλιχομένης</em></strong></span> <span class='ocrx_word' id='word_1_197' title='bbox 648 2396 717 2440; x_wconf 81' lang='grc' dir='ltr'><strong><em>καὶ</em></strong></span> <span class='ocrx_word' id='word_1_198' title='bbox 745 2395 960 2453; x_wconf 70' lang='grc' dir='ltr'><strong><em>ποθούσης</em></strong></span> <span class='ocrx_word' id='word_1_199' title='bbox 985 2397 1113 2442; x_wconf 74' lang='grc' dir='ltr'><strong><em>λῦσαί</em></strong></span> <span class='ocrx_word' id='word_1_200' title='bbox 1131 2415 1174 2442; x_wconf 84' lang='grc' dir='ltr'><strong><em>τε</em></strong></span> <span class='ocrx_word' id='word_1_201' title='bbox 1203 2397 1265 2455; x_wconf 77' lang='grc' dir='ltr'><em>μή</em></span> <span class='ocrx_word' id='word_1_202' title='bbox 1290 2398 1517 2456; x_wconf 71' lang='grc' dir='ltr'><strong><em>δυναμένης</em></strong></span> 
     </span>
     <span class='ocr_line' id='line_1_29' title="bbox 198 2471 771 2531; baseline 0 -13"><span class='ocrx_word' id='word_1_203' title='bbox 198 2471 451 2531; x_wconf 62' lang='lat' dir='ltr'><strong>{nativ-dno*</strong></span> <span class='ocrx_word' id='word_1_204' title='bbox 472 2477 548 2517; x_wconf 80' lang='grc' dir='ltr'><strong><em>τοῦ</em></strong></span> <span class='ocrx_word' id='word_1_205' title='bbox 571 2479 771 2528; x_wconf 69' lang='grc' dir='ltr'><strong><em>σώματος.</em></strong></span> 
     </span>
    </p>

    <p class='ocr_par' dir='ltr' id='par_1_10' title="bbox 253 2549 1515 2611">
     <span class='ocr_line' id='line_1_30' title="bbox 253 2549 1515 2611; baseline 0.002 -16"><span class='ocrx_word' id='word_1_206' title='bbox 253 2555 423 2611; x_wconf 89' lang='lat' dir='ltr'><strong>Legatur</strong></span> <span class='ocrx_word' id='word_1_207' title='bbox 446 2561 487 2595; x_wconf 86' lang='lat' dir='ltr'><strong>et</strong></span> <span class='ocrx_word' id='word_1_208' title='bbox 513 2553 583 2595; x_wconf 91' lang='lat' dir='ltr'><strong>hic</strong></span> <span class='ocrx_word' id='word_1_209' title='bbox 604 2554 688 2596; x_wconf 80' lang='grc' dir='ltr'><strong>τῶν</strong></span> <span class='ocrx_word' id='word_1_210' title='bbox 703 2551 991 2608; x_wconf 75' lang='grc' dir='ltr'><strong><em>ἐμμανέστατα</em></strong></span> <span class='ocrx_word' id='word_1_211' title='bbox 1008 2549 1201 2611; x_wconf 74' lang='grc' dir='ltr'><strong><em>ἐρώντων.</em></strong></span> <span class='ocrx_word' id='word_1_212' title='bbox 1221 2579 1272 2586; x_wconf 91' lang='lat'><em>-</em></span> <span class='ocrx_word' id='word_1_213' title='bbox 1292 2556 1366 2596; x_wconf 90' lang='lat' dir='ltr'><strong>Sed</strong></span> <span class='ocrx_word' id='word_1_214' title='bbox 1383 2556 1515 2598; x_wconf 81' lang='lat' dir='ltr'><strong>hacte-</strong></span> 
     </span>
    </p>

    <p class='ocr_par' dir='ltr' id='par_1_11' title="bbox 199 2633 1515 2769">
     <span class='ocr_line' id='line_1_31' title="bbox 199 2633 1515 2692; baseline 0.002 -20"><span class='ocrx_word' id='word_1_215' title='bbox 199 2646 276 2673; x_wconf 88' lang='lat' dir='ltr'><strong>nus</strong></span> <span class='ocrx_word' id='word_1_216' title='bbox 312 2633 469 2688; x_wconf 80' lang='lat' dir='ltr'><strong>evagari</strong></span> <span class='ocrx_word' id='word_1_217' title='bbox 507 2634 600 2674; x_wconf 86' lang='lat' dir='ltr'><strong>satis</strong></span> <span class='ocrx_word' id='word_1_218' title='bbox 634 2633 767 2675; x_wconf 86' lang='lat' dir='ltr'><strong>fuerit.</strong></span> <span class='ocrx_word' id='word_1_219' title='bbox 832 2634 1088 2690; x_wconf 82' lang='lat' dir='ltr'><strong>Corrigamus</strong></span> <span class='ocrx_word' id='word_1_220' title='bbox 1122 2648 1225 2690; x_wconf 86' lang='lat' dir='ltr'><strong>quae</strong></span> <span class='ocrx_word' id='word_1_221' title='bbox 1259 2643 1410 2676; x_wconf 87' lang='lat' dir='ltr'><strong>restant</strong></span> <span class='ocrx_word' id='word_1_222' title='bbox 1438 2636 1515 2692; x_wconf 86' lang='lat' dir='ltr'><strong>hoc</strong></span> 
     </span>
     <span class='ocr_line' id='line_1_32' title="bbox 199 2710 1513 2769; baseline 0.002 -19"><span class='ocrx_word' id='word_1_223' title='bbox 199 2710 300 2751; x_wconf 87' lang='lat' dir='ltr'><strong>loco.</strong></span> <span class='ocrx_word' id='word_1_224' title='bbox 351 2712 616 2753; x_wconf 81' lang='lat' dir='ltr'><strong>Attendamus</strong></span> <span class='ocrx_word' id='word_1_225' title='bbox 652 2713 703 2754; x_wconf 89' lang='lat' dir='ltr'><strong>ad</strong></span> <span class='ocrx_word' id='word_1_226' title='bbox 748 2713 914 2755; x_wconf 86' lang='lat' dir='ltr'><strong>verbum</strong></span> <span class='ocrx_word' id='word_1_227' title='bbox 952 2710 1147 2763; x_wconf 68' lang='grc' dir='ltr'><strong>ἀπέλιπε,</strong></span> <span class='ocrx_word' id='word_1_228' title='bbox 1191 2711 1303 2769; x_wconf 88' lang='lat' dir='ltr'><strong>quod</strong></span> <span class='ocrx_word' id='word_1_229' title='bbox 1340 2714 1513 2754; x_wconf 83' lang='lat' dir='ltr'><strong>Sintenis</strong></span> 
     </span>
    </p>
   </div>
  </div>
 </body>
</html>
