1894 3371
848 314 1047 354 -4,

285 436 445 491 inquit,
468 436 534 475 ¹Tu
557 436 748 491 quidem,
778 451 802 476 o
831 437 1081 494 Polycrates,
1112 440 1172 478 vir
1200 453 1239 478 es
1263 439 1513 495 praeclarus:
1544 438 1610 478 sed

283 515 407 553 nimis
443 514 518 553 tibi
557 515 633 568 ipsi
667 515 843 568 placeres
872 517 905 555 si
935 524 1098 556 tantum
1127 516 1202 556 tibi
1234 518 1422 559 tribueres
1454 526 1498 557 ut
1526 531 1610 559 non

284 591 468 631 Aratum>
489 592 626 647 potius
668 593 916 634 imitandum
954 595 1035 634 tuis
1069 593 1187 642 filiis,
1222 609 1349 649 quam
1379 603 1438 643 te,
1467 579 1611 651 iiropo-

283 677 429 709 neres.‘
485 671 628 710 Risum
658 675 823 712 teneas?
882 674 985 726 Ergo
1021 674 1174 720 amico,
1213 674 1278 712 cui
1315 672 1430 712 hunc
1456 673 1610 712 librum

283 749 465 798 dedicat,
503 751 568 791 cui
608 758 770 806 gratum
808 752 906 793 facit
933 753 1100 808 ejusque
1128 750 1249 803 filiis,
1286 750 1420 793 labem
1450 752 1611 807 adsper-

283 837 412 882 geret,
432 828 640 884 superbiae
661 838 700 870 et
723 831 977 886 arrogantiae
1000 831 1139 886 palam
1161 832 1390 871 incusaret?
1432 830 1611 885 Indigno

285 907 442 949 librum
469 908 703 950 dedicaret?
735 935 787 940 —
823 908 1048 951 Probabilis
1078 910 1236 951 videtur
1264 909 1462 951 Schaeferi
1491 909 1611 950 lectio

284 972 446 1034 παντός’
463 985 610 1039 βελτίω
644 984 770 1029 αὐτόν
795 986 1011 1044 ἠγεΐσθαι,
1046 1003 1171 1044 quam
1207 997 1246 1028 et
1283 1003 1386 1028 unus
1417 988 1611 1028 Codicum

283 1064 467 1113 exhibet,
498 1067 530 1105 si
557 1067 678 1106 modo
706 1067 914 1107 Plutarchi
947 1069 1103 1108 dictum
1130 1083 1215 1107 non
1243 1068 1294 1107 ad
1316 1076 1470 1122 patrem
1493 1070 1612 1122 perti-

284 1158 378 1185 nere
410 1154 636 1197 censeatur,
675 1160 811 1186 verum
850 1148 900 1186 ad
931 1147 1077 1199 filios„
1087 1148 1255 1201 juvenes
1283 1147 1401 1198 illos,
1435 1161 1529 1186 cum
1559 1147 1610 1186 ad

284 1226 452 1276 vitium,
492 1226 603 1281 quod
646 1234 783 1267 auctor
820 1228 954 1281 tangit
967 1259 991 1281 ,ἡ
1017 1227 1235 1281 proclivior
1273 1235 1377 1267 aetas
1416 1226 1492 1266 illa
1532 1241 1610 1267 esse

283 1303 419 1343 soleat.

824 1492 850 1529 C
872 1491 904 1530 A
926 1492 965 1531 P.
1024 1493 1078 1531 ΙΙ.

294 1636 317 1655 ‚-
338 1618 376 1656 6.
435 1616 584 1672 ἄνδρας
618 1611 807 1665 ἐνδόξους
839 1612 890 1657 τοὶ
915 1612 1104 1668 μάλιστα
1138 1617 1204 1657 καὶ
1241 1616 1285 1659 ἒν
1326 1614 1494 1671 δυνάμει
1529 1620 1611 1662 τῶν

283 1696 460 1737 πολιτῶν
487 1689 616 1743 ὄντας.

338 1769 440 1822 δόξα
475 1782 513 1813 et
546 1768 720 1825 δύναμις
752 1775 1063 1828 conjunguntur
1099 1781 1137 1813 et
1166 1773 1242 1813 sibi
1273 1781 1538 1828 opponuntur
1566 1780 1612 1812 ut

282 1847 397 1906 λόγος
425 1847 615 1907 εῐ-ἔργον.
672 1847 775 1900 δόξα
803 1860 861 1892 est
888 1853 1020 1901 sama,
1045 1844 1219 1903 δυ’ναμις
1251 1865 1301 1891 ex
1322 1867 1410 1906 qua·
1431 1859 1610 1896 eaorta,

283 1932 476 1984 dignitas.
536 1931 776 1970 Conferatur
810 1946 929 1985 supra
960 1931 1052 1985 Cap.
1083 1932 1102 1969 I
1132 1930 1204 1970 fin.
1239 1925 1285 1971 ὃν
1314 1933 1401 1971 οὔτε
1427 1930 1484 1986 τῇ
1510 1926 1612 1986 δόξῃ

282 2010 338 2068 τῇ
377 2009 467 2065 περὶ
506 2006 675 2051 σεαυτόν
716 2012 805 2050 οὔτε
852 2009 908 2066 τῇ
948 2005 1117 2062 δυνάμει
1159 2004 1460 2062 καταισχύνεις,
1504 2010 1612 2052 infra

285 2090 495 2144 CapsXLI
526 2090 616 2129 init.
647 2083 938 2143 πεπρωτευκώς
964 2086 1008 2127 δε
1036 2086 1102 2128 καὶ
1132 2083 1301 2140 δυνάμει
1323 2087 1389 2128 καὶ
1414 2082 1515 2144 δόξῃ
1532 2087 1614 2128 τῶν

282 2161 503 2224 Ἑλλήνων.
564 2168 637 2222 Ag.
667 2175 706 2208 et
735 2167 883 2207 Cleom.
914 2167 1005 2222 Pag.
1036 2166 1137 2215 807,
1156 2167 1197 2207 C.
1238 2162 1495 2222 πρωτεύοντα
1513 2161 1613 2224 δόξῃ

284 2246 351 2288 καὶ
379 2243 549 2299 δυνάμει
577 2247 660 2288 τῶν
686 2247 877 2286 πολιτῶν.
932 2246 1137 2285 Genitivus
1161 2246 1245 2286 τῶν
1268 2246 1444 2286 πολιτῶν
1465 2246 1614 2300 pendet

286 2317 338 2367 al)
368 2326 555 2367 adverbio
583 2320 637 2366 wi
662 2323 843 2377 μάλιστα
850 2339 864 2373 ,’
884 2323 929 2364 ἒν
962 2319 1133 2376 δυνάμει
1165 2325 1221 2365 ὦν
1248 2324 1354 2364 idem
1376 2325 1482 2382 yalet
1501 2325 1611 2379 quod

285 2400 520 2458 δυνάμενος.
581 2403 819 2444 Conseratur
848 2402 954 2443 infra
986 2401 1079 2458 Cap.
1098 2403 1289 2454 XXXIII,
1313 2403 1403 2443 init.
1449 2403 1613 2445 Παντα·

285 2481 414 2527 λέοντι
431 2485 496 2542 τῷ
506 2485 695 2525 πλεῖστον
712 2482 916 2524 Αἰτωλῶν
934 2478 1161 2540 δυναμένῳ.
1187 2487 1235 2525 ,Α
1240 2495 1256 2522 t
1272 2487 1368 2535 quid
1386 2499 1431 2521 ea
1452 2491 1579 2523 monui
1592 2488 1613 2522 Ρ

288 2567 391 2615 Quia
429 2564 662 2605 Schaeserus
698 2563 925 2617 genitivum
961 2562 1045 2603 τῶν
1071 2561 1247 2603 πολιτῶν
1274 2561 1445 2617 pendere
1473 2577 1495 2602 a
1525 2574 1612 2603 voc.

287 2639 457 2694 δυνάμει
485 2644 701 2697 opinatum
732 2642 777 2681 in
806 2641 891 2695 ejus
920 2642 1032 2681 enim
1061 2641 1250 2680 editionis
1279 2640 1419 2680 Indice
1440 2640 1613 2693 legimus

289 2721 354 2772 ,ἐν
383 2716 553 2772 δυνάμει
581 2720 663 2761 τῶν
690 2719 866 2760 πολιτῶν
894 2713 993 2759 εἶναι
1020 2718 1163 2759 Rarior
1192 2718 1383 2773 phrasis.‘

1746 3346 1772 3371 μ--ἰ
1783 3363 1789 3371 ,κ
1797 3366 1805 3371 ,η
1812 3346 1894 3371 jam&
