1894 3371
772 329 826 335 -
863 303 1007 346 35-

287 430 376 480 Quo
402 425 604 483 particula
629 421 735 480 ya'p?
784 408 891 467 Num
918 426 1022 467 ratio
1051 425 1246 467 affertur?
1288 425 1439 483 Nempe
1459 438 1555 467 con·

230 508 359 549 clusio
383 504 565 547 efficitur.
608 505 900 560 Corrigendum
926 506 1053 559 igitur
1077 506 1235 546 videtur
1263 503 1339 555 Τίς
1367 499 1455 547 οὖν
1482 503 1557 547 ουίι

229 579 282 625 ἂν
305 578 547 636 θαυμάσειε.
571 608 622 623 -τ-
646 584 799 625 Deinde
820 598 893 640 pro
919 580 1204 639 διαγωνίσηται
1226 584 1445 639 legendum
1468 584 1555 627 δια-

229 665 446 717 γωνιεῖται;
483 664 711 704 conferatur
743 664 855 703 enim
889 678 1010 719 supra
1046 664 1141 719 Cap.
1170 665 1294 705 XVII‘.
1326 666 1418 705 init.
1463 658 1556 714 ὅλος

229 738 428 797 ἀνήρτητο
453 743 544 791 ταῖς
569 738 793 797 φροντίσιν,
818 732 930 790 ὅπως
954 735 1226 797 ἀφαιρήσεται
1252 738 1375 800 δόλῳ.
1414 744 1556 784 Moral.

231 821 326 874 Pag.
348 820 428 860 825
442 850 452 868 ,
481 822 529 861 A.
577 816 740 868 ου’δενὸς
764 812 887 874 ἦττον
913 820 973 877 τῷ
997 821 1192 877 πολιτικῷ
1217 821 1407 874 προσῆκει
1425 822 1560 862 ταῦτα

213 898 379 944 ’ἰᾶσθαι
414 897 481 941 καὶ
516 893 942 954 προκαταλαμβάνειν,
977 889 1089 947 ὅπως
1122 894 1176 940 w?
1215 895 1292 950 μὲν
1328 894 1418 940 οὐδ’
1451 891 1558 949 ὅλως

230 973 342 1019 ἔσται
353 1007 367 1027 ,
394 975 447 1018 τιὶ
472 974 520 1017 δὲ
539 970 737 1018 παύσεται
762 973 922 1029 ταχέως
947 972 1003 1018 τοὶ
1027 973 1066 1018 δ’
1085 973 1136 1018 οὕ
1160 972 1334 1032 λήψεται
1359 974 1557 1032 μέγεθος,

231 1052 319 1096 οὐδ’
332 1048 493 1108 Ιιῖιίμεται
518 1055 602 1097 τῶν
628 1053 849 1110 δημοσίων.
876 1081 924 1087 -
955 1057 1056 1097 Tum
1083 1057 1266 1098 attendas
1285 1058 1337 1098 ad
1356 1072 1440 1098 voc.
1460 1053 1555 1113 παρ’

232 1131 379 1177 αὐτῶν.
437 1134 664 1178 Schaeferus
691 1135 869 1191 explicat
896 1132 1033 1176 αὐτῶν
1060 1136 1090 1175 i.
1121 1149 1156 1176 e.
1184 1135 1268 1177 τῶν
1289 1131 1556 1188 τιμιωτάτων.

232 1215 334 1268 Ergo
370 1215 514 1254 Aratus
547 1215 710 1268 pignori
743 1214 974 1268 opposuerit
1000 1227 1059 1252 res
1085 1215 1409 1269 pretiosissimas,
1446 1216 1560 1255 unde

231 1293 383 1348 pignus
418 1292 598 1347 accepit?
656 1293 856 1347 Interpres
888 1292 1028 1333 vertit:
1064 1292 1112 1331 ab
1148 1298 1197 1331 iis
1224 1308 1297 1345 pro
1324 1294 1461 1345 quibus
1488 1298 1558 1333 illa

233 1371 415 1423 agebat.?
472 1371 669 1425 Equidem
702 1372 779 1411 ista
814 1369 1010 1411 vocabula
1046 1370 1098 1410 ab
1133 1372 1258 1411 sciolo
1295 1372 1451 1426 adjecta
1478 1387 1558 1413 esse

233 1457 332 1505 puto
363 1449 443 1490 hoc
472 1463 588 1490 sensu
615 1451 833 1490 nimirum:
863 1447 977 1504 παροὶ
998 1443 1156 1491 τούτων
1182 1443 1241 1499 οἷς
1266 1445 1348 1492 ἔδει
1372 1447 1426 1493 τά
1453 1448 1558 1507 χρή-

232 1544 345 1582 ματα
372 1530 553 1581 κεῖσθαι,
582 1530 814 1570 conseratur
841 1528 930 1584 huj.
950 1529 1045 1585 Cap.
1069 1530 1269 1570 initium.·
1291 1530 1345 1570 At
1363 1530 1443 1570 hoc
1465 1530 1556 1570 loco

235 1609 356 1650 nulla
383 1609 537 1649 mentio
564 1608 613 1649 fit
640 1608 690 1648 de
717 1608 855 1662 Ergini
884 1608 1022 1659 sociis3
1053 1622 1179 1662 quam
1207 1608 1300 1663 quis
1327 1623 1413 1648 non
1441 1609 1558 1649 intel-

236 1688 339 1742 ligat
366 1687 489 1744 plane
516 1686 586 1728 ahs
614 1702 655 1728 re
683 1687 794 1729 fore?
841 1687 971 1738 Quare
999 1700 1107 1728 vocc.
1136 1682 1208 1729 a'n'
1235 1683 1373 1730 αὐτῶν
1399 1686 1558 1729 oblitte-

236 1766 364 1806 randa
391 1779 469 1807 esse
499 1779 651 1806 censeo.

758 1959 785 1997 C
805 1958 839 1998 A
859 1959 900 1998 P.
957 1959 1038 1998 XX.

296 2090 333 2129 1.
388 2082 531 2129 Οὖσαν
558 2084 605 2127 δὲ
632 2084 730 2127 καθ’
757 2082 886 2140 αὖτήν
912 2085 1119 2140 ἐπισφαλῆ
1140 2082 1216 2140 τήν
1231 2086 1375 2140 πρᾶξιν
1391 2085 1560 2138 ἐπισφα-

238 2163 427 2222 λεστέραν
460 2163 644 2220 ἐποίησεν
674 2162 856 2218 ἁμαρτίαι
888 2177 949 2212 τις
980 2159 1109 2211 evi-9239
1140 2162 1186 2204 ἐν
1219 2161 1335 2222 α’ρχῇ
1362 2165 1559 2218 συμβᾶσα

239 2242 291 2283 δι’
317 2247 489 2297 ἄγνοιαν.

295 2324 433 2365 Oratio
450 2323 613 2364 tenuior
629 2335 753 2377 quam
771 2335 846 2377 pro
863 2335 972 2363 more
991 2321 1245 2363 Graecorum.
1286 2322 1338 2363 In
1356 2323 1561 2379 integrum

238 2404 493 2444 restituamus
522 2400 744 2443 inserendis
769 2400 1002 2457 particulis,
1024 2415 1130 2457 quae
1150 2401 1343 2443 excidisse
1358 2402 1561 2452 videntur,

239 2485 365 2525 altera
391 2478 447 2524 ἔτ’
475 2489 568 2522 ante
595 2476 941 2535 ἐπισφαλεστέραν
947 2510 963 2530 ,
989 2495 1072 2536 qua
1100 2481 1401 2536 comparativus
1427 2482 1563 2523 adiver-

238 2578 304 2605 sus
342 2563 563 2605 positivum
599 2568 725 2608 caret,
764 2560 889 2610 altera
922 2558 991 2601 καί
1026 2568 1119 2601 ante
1152 2556 1261 2601 καθ’.
1315 2560 1448 2602 Facile
1474 2560 1562 2602 fieri

238 2644 374 2699 potuit
401 2650 449 2683 ut
475 2641 552 2683 hae
580 2640 804 2697 particulae
828 2639 1057 2682 exciderint
1084 2640 1137 2681 ob
1164 2640 1392 2689 litterarum
1420 2642 1562 2683 simili·

240 2722 426 2763 tudinem
454 2722 767 2777 insequentium.

1345 2800 1371 2839 3
1380 2801 1401 2823 *
